2028 3310
617 237 830 271 PHAEDRI
858 237 1079 271 FABVLAE
1107 236 1283 271 NOVAE.
1667 240 1691 276 §t
1700 238 1719 276 ἶ

382 343 598 399 (Namque
625 344 706 386 hoc
733 345 800 386 vel
827 345 932 386 vitia
957 345 1126 399 magnis
1154 345 1196 385 in
1224 343 1505 397 scriptoribus

381 414 540 456 Libens
573 414 758 467 ferebat,
790 414 856 455 illi
888 418 930 455 et
963 414 1167 455 virtutem
1200 412 1400 467 oderunt)

382 485 592 539 Exemplo
625 484 843 525 luculento
876 484 1239 538 comprobabitur.

452 589 716 643 Demetrius,
749 589 820 643 qui
853 589 992 630 dictus
1025 592 1090 630 est
1122 589 1367 643 Phalereus,

381 660 574 702 Athenas
608 659 832 714 occupavit
863 660 1043 715 imperio
1076 660 1268 714 inprobo,

379 730 441 772 Vt
472 746 564 773 mos
599 734 663 772 est
696 730 828 785 vulgi,
859 730 1022 784 passim
1055 733 1097 771 et
1129 731 1326 772 certatim
1359 731 1445 772 ruit

381 801 630 843 ‘Felieiter2’
663 801 940 842 succlamans.
990 799 1079 854 Ipsi
1112 800 1325 854 principes

378 871 505 913 Illam
539 871 797 925 osculantur,
830 886 914 925 qua
946 872 1045 912 sunt
1077 871 1281 924 oppressi,
1314 886 1498 925 manum,
1682 884 1721 913 ιο

381 941 529 983 Tacite
561 944 781 996 gementes
815 940 986 982 tristem
1017 939 1215 981 fortunae
1248 940 1398 982 vicem.

380 1011 492 1060 Quin
525 1012 655 1053 etiam
687 1011 848 1053 resides
881 1013 924 1052 et
957 1013 1182 1065 sequentes
1215 1011 1363 1065 otium,

382 1082 441 1124 Ni
473 1081 658 1123 defuisse
689 1085 860 1135 noceat,
894 1083 1048 1135 repunt
1080 1080 1244 1135 ultimi,

377 1153 425 1193 In
459 1152 555 1207 quis
588 1151 840 1207 Menander,
870 1151 1029 1194 nobilis
1063 1152 1308 1206 comoediis,

380 1223 495 1272 Quas
528 1223 668 1276 ipsum
701 1223 905 1277 ignorans
938 1223 1105 1277 legerat
1137 1221 1381 1264 Demetrius
1679 1237 1718 1265 ιῑ.

377 1294 436 1335 Et
468 1294 704 1335 admiratus
736 1294 877 1336 fuerat
908 1294 1130 1348 ingenium
1163 1295 1256 1345 viri,

377 1364 611 1418 Ynguento
646 1364 880 1417 delibutus,
913 1364 1072 1406 vest-itu
1106 1365 1251 1418 fluens,

377 1435 591 1477 Veniebat
623 1449 773 1491 gressu
805 1432 990 1477 delicato
1024 1438 1065 1477 et
1099 1436 1313 1490 languido.

377 1505 502 1547 Hune
534 1506 609 1547 ubi
641 1510 848 1560 tyrannus
882 1506 990 1546 vidit
1024 1509 1216 1548 extremo
1250 1507 1438 1561 agmine:

378 1575 585 1625 Quisnam
618 1575 818 1617 cinaedus
851 1575 925 1616 ille
957 1576 1002 1616 in
1035 1579 1309 1630 conspectum
1343 1591 1485 1618 meum
1678 1590 1721 1619 -20

378 1646 520 1687 Audet
551 1646 725 1688 venire?
770 1645 1098 1700 Responderunt
1129 1647 1332 1700 proximi:

377 1715 463 1758 Hic
495 1720 560 1759 est
591 1717 826 1759 Menander
859 1717 1053 1772 scriptor.
1104 1717 1297 1759 Mutatus
1331 1718 1497 1760 statim:

377 1786 533 1841 Homo,
564 1787 716 1842 inquit,
749 1787 841 1829 fieri
872 1803 958 1829 non
990 1791 1135 1842 potest
1167 1788 1409 1831 formosior.

415 1929 632 1962 GALLVS
659 1929 897 1962 LEC'PICA
923 1929 959 1962 A
986 1930 1222 1963 FELIBVS
1247 1930 1472 1964 VECTVS.

566 1998 623 2041 (V.
648 2002 769 2041 1—5‚
802 2002 926 2032 9—-11
963 1998 1104 2033 Perotti
1131 2010 1214 2044 app.
1245 2001 1313 2043 16.)

449 2070 572 2112 Feles
605 2071 794 2112 habebat
826 2071 965 2126 gallus
999 2072 1251 2114 lecticarios,

378 2140 503 2183 Hunc
535 2142 774 2196 gloriosum
808 2142 955 2196 vulpes
987 2145 1035 2184 ut
1067 2143 1173 2184 vidit
1206 2143 1315 2197 vehi,

379 2210 449 2253 Sic
482 2217 548 2254 est
580 2213 740 2254 locuta:
775 2228 926 2255 moneo
960 2228 1214 2267 praecaveas
1247 2214 1407 2266 dolum,

377 2283 562 2325 Istorum
599 2284 742 2325 vultus
775 2299 959 2339 namque
993 2285 1028 2325 si
1062 2285 1319 2339 consideras,

378 2353 589 2396 Praedam
621 2358 792 2409 portare
825 2355 1003 2410 iudices,
1035 2371 1120 2397 non
1154 2357 1377 2398 sarcinam.
1700 2369 1719 2396 s,

379 2422 651 2478 Contempsit
681 2425 823 2479 gallus
856 2426 986 2467 verba
1019 2427 1158 2481 vulpis
1190 2427 1379 2480 provida,

379 2493 497 2543 Quae
531 2509 631 2536 vera
661 2495 836 2550 proprio
870 2496 1024 2538 damno
1058 2511 1157 2538 mox
1191 2500 1388 2551 expertus
1424 2500 1497 2538 est.

377 2564 525 2606 Fidem
561 2565 808 2619 servabant,
841 2566 941 2608 dum
975 2566 1088 2608 fame
1120 2566 1226 2608 feles
1259 2569 1430 2608 vacant:

377 2635 615 2689 Postquam
648 2636 807 2677 esurire
841 2637 1022 2678 societas
1056 2638 1197 2691 coepit
1228 2637 1331 2690 fera,

381 2705 622 2760 Discerpsit
657 2706 875 2748 dominum
909 2711 951 2748 et
983 2708 1085 2749 fecit
1116 2712 1260 2762 partes
1295 2707 1507 2748 facinoris.
1678 2720 1719 2749 10

450 2812 642 2854 Exitium
676 2827 801 2866 saepe
832 2813 966 2854 nimia
998 2814 1081 2854 fert
1113 2814 1332 2854 securitas.

239 3024 364 3050 Phaedri
385 3024 517 3049 fabulae.
537 3024 580 3049 ed,
604 3024 632 3048 1,Δ
650 3022 818 3047 Mummiam.
1416 3027 1433 3057 7
