2028 3310
486 239 549 274 DE
577 238 895 273 EMENDANDIS
923 239 1135 272 PHAEDRI
1162 238 1374 272 FABYLIS.
1626 238 1709 272 xlx

274 346 485 402 Vterque,
529 350 575 388 ut
620 361 747 400 supra
792 347 1041 399 memoravi,
1085 346 1186 387 noni
1236 345 1303 387 vel
1345 345 1497 387 decimi
1543 345 1711 386 saeculi.

158 417 433 468 Pithoeanus,
465 418 515 458 de
549 431 631 470 quo
665 431 758 457 cum
792 432 891 458 cura
912 417 999 471 egit
1021 416 1232 471 Bergerns
1257 416 1389 470 praef.
1410 415 1712 470 pgg.54—62,

158 491 224 529 est
256 488 623 540 membranaceus,
655 487 794 528 forma
825 501 891 539 ea,
934 501 1040 540 quac
1073 487 1228 527 dicitur
1259 487 1305 527 in
1337 488 1508 540 quarto,
1540 485 1710 539 paginis

157 562 359 601 constans
392 560 466 607 54,
505 573 555 599 ex
588 557 742 611 quibus
775 557 958 598 Phaedri
991 556 1158 597 fabulas
1191 557 1411 598 continent
1450 556 1610 610 priores
1644 555 1711 608 39,

155 629 343 684 reliquae
375 631 609 671 tractatum
641 629 690 669 de
723 627 940 669 monstris.
989 627 1096 668 Post
1115 640 1185 681 pg.
1201 627 1255 667 39
1277 626 1448 668 Pithoei
1475 628 1616 667 aetate
1644 641 1710 667 ex-

155 700 310 741 tabant
354 699 540 754 vestigia
589 698 805 740 abscissae
850 698 1085 752 sequentis'
1115 697 1307 751 proxime
1353 697 1555 751 paginae,
1604 711 1711 751 quae

155 770 352 824 deinceps
385 770 583 811 videntur
616 784 707 811 esse
741 769 913 811 sublata
945 784 971 810 a
1001 768 1265 822 bibliopego,
1308 768 1379 821 qui
1411 767 1582 808 Pithoei
1615 781 1711 820 apo-

157 840 385 895 graphum,
429 841 484 882 32
518 844 719 882 constans
758 840 864 881 illud
902 839 1088 893 paginis,
1133 839 1269 879 iunxit
1308 853 1402 879 cum
1443 839 1534 891 ipso
1568 837 1711 879 codice

157 911 234 963 ita,
272 914 318 952 ut
359 914 457 952 ante
491 910 672 952 Phaedri
710 910 878 952 fabulas
915 912 1156 963 poneretur.
1232 907 1434 950 Ceterum
1472 909 1515 949 in
1554 908 1713 961 pagina

157 981 251 1033 illa,
285 996 391 1035 quae
424 981 571 1022 ablata
604 984 686 1034 est,
718 980 827 1021 nihil
858 979 993 1020 fuisse
1018 979 1323 1033 perscriptum,
1357 979 1584 1020 admodum
1616 994 1711 1032 pro-

157 1051 312 1092 babilis
355 1055 420 1092 est
453 1051 695 1092 coniectura
727 1049 906 1103 Bergeri
939 1048 1029 1103 (pg.
1056 1049 1148 1100 59),
1194 1049 1266 1102 (1111
1306 1052 1449 1089 monet
1486 1049 1710 1089 librarium

155 1122 201 1162 in
233 1121 372 1162 altera
404 1124 525 1175 part-e
558 1121 737 1162 ultimae
776 1120 1020 1161 fabularum
1060 1120 1245 1174 paginae
1278 1134 1363 1160 non
1395 1120 1520 1160 modo
1553 1120 1710 1160 litteris

156 1190 435 1244 amplioribus
474 1206 565 1232 esse
598 1206 741 1243 usum,
787 1191 857 1232 sed
897 1190 1026 1230 etiam
1066 1190 1380 1243 aliquantulum
1419 1191 1541 1231 vacui
1584 1191 1711 1244 spatii

155 1261 379 1315 reliquisse
417 1262 461 1302 111
502 1263 585 1302 fine
611 1261 789 1302 -fabulae
828 1260 1117 1314 paenultimae
1156 1261 1318 1314 pariter
1357 1263 1483 1315 atque
1521 1261 1711 1315 ultimae,

155 1331 197 1371 id
225 1331 335 1385 quod
368 1346 599 1386 numquam
633 1331 740 1373 alias
772 1331 945 1372 factum.
986 1330 1138 1385 Itaque
1170 1331 1361 1384 potuisse
1392 1331 1487 1372 fieri
1514 1334 1562 1372 ut
1583 1332 1711 1372 libra-

156 1402 242 1442 rius
283 1405 509 1456 antequam
549 1402 792 1443 absolveret
825 1401 1085 1454 Phaedrum,
1128 1401 1349 1443 incoli-aret
1388 1405 1623 1443 tractatum
1661 1402 1710 1442 dc

156 1472 379 1525 monstris,
409 1471 591 1524 relictis,
630 1486 735 1525 quae
769 1472 962 1512 sufficere
996 1472 1239 1513 viderentur
1272 1472 1548 1513 describendo
1575 1472 1709 1513 Phae-

155 1541 243 1595 dro,
275 1542 462 1596 paginis3
497 1556 579 1596 qua
610 1541 654 1582 in
686 1556 732 1582 re
765 1556 859 1583 cum
892 1556 987 1583 eum
1019 1542 1294 1595 computandi
1326 1542 1438 1583 ratio
1470 1542 1714 1594 fefellisset,

155 1612 263 1653 hanc-
295 1627 378 1667 qua
415 1627 501 1654 non
538 1627 643 1667 opus
683 1615 772 1653 erat
809 1612 1006 1654 relictam
1050 1627 1245 1667 vacuam,
1278 1627 1456 1667 eamque
1481 1616 1631 1666 postea
1663 1617 1710 1654 ut

156 1697 511 1737 supervacaneam
557 1683 783 1725 sublatam.
853 1682 1031 1737 Alioqui
1084 1683 1335 1724 lacunarum
1382 1683 1427 1724 in
1471 1683 1710 1725 Pithoeano

155 1767 242 1794 non
273 1754 411 1808 magis
444 1769 571 1809 quam
602 1754 649 1795 in
679 1753 883 1794 Remensi
915 1753 1051 1795 ullum
1082 1753 1166 1795 fuit
1197 1754 1441 1808 vestigium.

273 1823 390 1866 Idem
423 1824 693 1878 bibliopegus
725 1837 826 1878 pgg.
860 1825 1043 1865 32—39
1084 1839 1225 1866 errore
1264 1825 1407 1866 nescio
1441 1840 1523 1880 quo
1564 1825 1711 1867 reiecit

156 1898 255 1949 post
287 1908 356 1949 pg.
379 1895 446 1947 24,
477 1896 525 1935 ut
559 1909 582 1935 a
604 1909 641 1935 V.
661 1894 736 1947 IV,
756 1896 795 1947 4,
815 1895 843 1935 4
874 1895 1079 1936 auxilium
1110 1898 1356 1937 transeatur
1389 1896 1441 1937 ad
1471 1895 1546 1949 IV,
1566 1896 1634 1948 25,
1659 1897 1711 1937 1-1

155 1965 231 2005 illa
262 1979 370 2018 reyes
400 1979 698 2017 commemoras,
738 1965 888 2006 deinde
921 1966 1042 2006 finita
1077 1967 1102 2007 f.
1128 1966 1180 2007 10
1213 1966 1238 2007 1.
1260 1965 1311 2019 V,
1344 1965 1509 2007 adiecta
1544 1967 1630 2007 sint
1663 1981 1711 2008 ea

157 2050 264 2089 quae
297 2038 398 2076 sunt
430 2035 570 2076 media
601 2035 712 2076 inter
743 2034 818 2088 IV,
845 2036 885 2088 4,
911 2036 938 2076 4
972 2039 1014 2077 et
1046 2036 1114 2089 25,
1145 2037 1208 2077 14.

274 2104 475 2147 Ceterum
508 2121 765 2160 quamquam
797 2106 847 2146 de
879 2105 959 2147 hac
991 2121 1035 2147 re
1070 2110 1244 2160 propter
1281 2107 1488 2161 temporis
1522 2122 1709 2148 summas

155 2175 379 2230 angustias
413 2190 614 2230 quaerere
646 2175 753 2216 mihi
783 2190 871 2217 non
901 2176 1041 2229 licuit,
1073 2191 1166 2218 cum
1194 2177 1382 2218 codicem
1408 2181 1598 2219 tenerem
1627 2193 1711 2219 nia-

154 2247 298 2299 nibus,
338 2249 517 2300 apparet
549 2246 640 2287 falli
673 2245 910 2302 Bergerum
949 2261 1044 2288 cum
1077 2247 1181 2288 dicit
1214 2248 1269 2289 38
1302 2248 1482 2302 paginas
1516 2248 1709 2290 Phaedro

155 2316 430 2358 describendo
470 2331 563 2358 esse
596 2316 829 2371 adhibitas,
870 2318 954 2358 nisi
994 2317 1078 2359 fuit
1116 2333 1233 2360 error
1273 2319 1464 2371 illorum,
1510 2319 1581 2373 qui
1620 2320 1708 2360 eius

156 2387 314 2429 librum
346 2387 465 2441 typis
499 2390 811 2441 expresserunt.
855 2387 952 2442 Ipse
986 2389 1099 2430 enim
1125 2389 1269 2443 prodit
1294 2390 1433 2443 IJg.39
1456 2387 1569 2444 (eam
1586 2390 1710 2430 nimi-

155 2474 249 2499 rum
282 2472 409 2512 quam
441 2456 639 2499 Germani
673 2462 826 2499 vocant
854 2457 1013 2511 eseit-e')
1045 2459 1113 2500 bis
1145 2460 1189 2500 in
1221 2459 1363 2501 codice
1396 2474 1487 2500 esse
1519 2474 1710 2500 numera-

154 2532 244 2570 tam
278 2531 320 2570 et
352 2528 466 2569 finiri
498 2527 689 2569 fabulam
716 2529 911 2570 ultimam
945 2544 1039 2570 cum
1072 2530 1155 2571 fine
1187 2544 1256 2584 pg.
1279 2531 1345 2583 77,
1387 2544 1495 2584 quae
1527 2530 1710 2570 debebat

155 2599 238 2640 dici
261 2600 334 2641 78:
365 2613 465 2640 nam
497 2602 544 2640 ut
575 2599 667 2653 ipse
699 2598 800 2652 vidi,
831 2599 909 2641 illa
941 2600 987 2641 in
1017 2615 1167 2642 aversa
1197 2600 1355 2641 desinit
1381 2600 1551 2654 pagina.
1603 2598 1710 2640 Con-

156 2683 309 2724 gruum
347 2673 489 2711 autem
534 2672 600 2711 est
637 2669 820 2711 vitiosae
859 2671 1170 2724 computationi
1212 2671 1304 2723 isti,
1349 2671 1459 2725 quod
1492 2671 1535 2711 in
1569 2671 1709 2711 codice

155 2741 337 2795 paginae
377 2740 460 2795 illi,
503 2743 602 2795 post
648 2755 774 2794 quam
819 2741 905 2782 iam
952 2744 1050 2783 sunt
1095 2742 1327 2783 collocatae
1367 2741 1537 2782 fabulae
1581 2756 1605 2782 a.
1635 2741 1710 2793 IV,

156 2811 229 2865 25,
266 2812 319 2852 14
360 2811 412 2852 ad
450 2810 502 2864 V,
537 2811 610 2864 10,
653 2810 893 2865 adscriptus
937 2815 1002 2853 est
1045 2827 1248 2853 numerus
1287 2812 1355 2863 47,
1412 2811 1484 2865 qui
1527 2811 1709 2853 debebat

156 2896 247 2922 esse
278 2881 347 2922 48.
408 2880 521 2922 Nam
554 2883 601 2922 ut
633 2881 701 2921 his
735 2881 862 2921 etiam
895 2881 981 2922 vidi
1015 2882 1168 2934 oculis,
1209 2884 1273 2923 est
1307 2896 1455 2923 aversa
1485 2895 1584 2935 pars
1616 2881 1709 2922 folii

156 2951 266 3006 quod
309 2954 482 3004 vocant,
530 2966 616 2992 non
666 2950 855 2991 adversa.
935 2956 1051 3000 Quas¹
1102 2967 1195 2993 011111
1249 2952 1307 2993 ita
1361 2952 1464 3005 sint,
1514 2952 1710 2993 videntur
