2028 3310
287 204 439 239 XXXIV
954 202 1109 236 CAPVT
1135 203 1179 237 ΙΙ.

287 312 573 366 conscriptum
606 326 700 353 cum
734 325 781 351 eo
815 310 920 351 artis
954 309 1101 351 critica
1129 311 1375 363 contemptu
1410 312 1453 350 et
1485 323 1579 350 cum
1612 324 1662 350 ea
1688 324 1840 363 rerum,

288 398 391 437 quas
424 383 585 424 discere
618 384 788 436 oportet
819 380 1047 433 hominem,
1079 383 1307 434 antequam
1342 381 1491 421 docere
1518 383 1693 421 conetur
1719 381 1840 433 alios,

286 454 549 508 ignorantia,
582 467 688 507 quae
714 451 877 505 pridem
906 450 1046 492 solent
1067 465 1159 492 esse
1183 451 1358 504 propria
1385 450 1594 492 librorum
1626 451 1676 492 de
1702 452 1840 505 poetis

287 525 432 566 latinis
466 524 739 577 scriptorum,
771 521 963 563 Berolini
997 536 1104 576 quae
1135 522 1355 575 prodeunt.

404 595 562 637 Mirum
593 594 754 648 poterit
777 593 911 634 videri
941 592 1174 646 nonnullis,
1207 593 1317 647 quod
1350 596 1439 633 tam
1464 592 1630 646 prolixe
1660 591 1840 633 dixerim

287 667 337 708 de
378 665 592 707 codicibus
631 663 833 717 Phaedri,
878 665 1132 717 argumento
1172 662 1277 703 satis
1319 662 1436 703 tenui
1483 665 1526 703 et
1564 662 1675 716 quod
1714 676 1840 715 saepe

286 739 520 778 tractatum
553 735 610 777 sit
642 735 695 776 ab
729 733 839 775 aliis.
902 732 983 775 Sed
1016 733 1129 774 enim
1159 732 1366 773 intererat
1404 731 1556 773 horum
1589 732 1840 784 studiorum,

285 811 333 848 ut
370 806 542 848 tandem
581 804 809 859 aliquando
854 804 904 845 de
943 803 1032 844 illis
1071 817 1199 857 quam
1236 802 1483 856 plenissime
1528 802 1761 843 referretur
1799 805 1841 842 et

287 876 621 919 accuratissime.
693 874 803 924 Quid
846 874 959 915 enim
1000 873 1157 914 mirum
1198 872 1263 913 vel
1306 871 1432 929 hodie
1474 872 1518 912 in
1562 871 1840 913 aestimandis

285 947 470 989 Phaedri
502 946 717 988 codicibus
750 959 892 986 errare
925 944 1105 997 multos,
1137 957 1233 984 cum
1264 943 1355 996 ipse
1388 942 1628 996 Bentleius,
1666 942 1840 983 criticus

286 1019 414 1073 longe
447 1017 773 1072 sagacissimus,
804 1015 917 1056 haud
949 1029 1046 1056 raro
1073 1013 1261 1068 peccarit
1293 1013 1338 1054 111
1370 1028 1414 1054 re
1448 1012 1623 1054 eadem?
1673 1012 1772 1062 Qui,
1805 1012 1841 1053 si

287 1089 437 1130 melius
469 1088 692 1129 habuisset
723 1089 1010 1141 perspectum,
1050 1099 1133 1139 qua
1167 1098 1358 1138 quaeque
1389 1083 1433 1124 in
1465 1082 1648 1124 Phaedri
1681 1082 1840 1123 fabulis

287 1159 499 1213 scriptura
530 1157 740 1198 niteretur
772 1155 1029 1197 auctoritate
1069 1158 1111 1196 et
1141 1154 1243 1207 fide,
1285 1153 1504 1208 aliquanto
1537 1152 1633 1206 plus
1667 1152 1727 1193 eis
1759 1152 1842 1193 fuit

290 1229 559 1283 profuturUS,
592 1242 719 1282 quam
751 1226 963 1280 profuisse
995 1227 1060 1266 est
1093 1224 1414 1265 existimandus.

403 1298 614 1354 Equidem
659 1297 802 1338 studui
846 1296 897 1336 de
941 1295 1180 1336 Pithoeano
1226 1297 1269 1335 et
1311 1293 1512 1334 Remensi
1557 1308 1603 1334 ac
1646 1293 1840 1335 Danielis

287 1370 502 1412 codicibus
535 1367 693 1409 referre
733 1380 858 1420 quam
898 1364 1236 1417 accuratissime,
1276 1378 1362 1404 non
1394 1364 1554 1404 maiore
1586 1364 1762 1418 negotio
1795 1367 1842 1405 1113

286 1443 431 1494 posset
469 1438 685 1492 cognosci,
728 1436 824 1491 quid
864 1439 1088 1477 notassent
1129 1449 1178 1476 ex
1216 1435 1276 1475 eis
1315 1434 1430 1475 docti
1464 1449 1590 1489 quam
1624 1434 1723 1489 quid
1755 1449 1841 1475 non

285 1513 519 1552 notassent.
570 1508 620 1549 In
653 1506 906 1561 anthologia
929 1505 1154 1547 Perottina
1187 1505 1293 1546 satis
1320 1504 1461 1545 visum
1494 1509 1558 1546 est
1590 1505 1841 1559 plerumque
1872 1526 1874 1529 ·

287 1580 489 1623 Vaticani
520 1579 619 1620 libri
659 1591 895 1618 memorare
934 1576 1186 1630 scripturaS,
1229 1578 1277 1616 ut
1310 1575 1383 1629 qui
1416 1578 1459 1616 et
1496 1575 1663 1630 integer
1701 1576 1841 1630 magis

288 1653 422 1694 multo
457 1653 569 1692 esset
594 1648 883 1702 Neapolitano
918 1650 960 1688 et
993 1646 1213 1701 aliquanto
1246 1646 1498 1700 diligentius
1532 1645 1724 1687 collatus.
1774 1645 1840 1687 Ex

286 1722 573 1777 Neapolitano
620 1734 727 1774 quae
771 1720 996 1771 notantur,
1046 1731 1139 1758 cum
1184 1716 1341 1758 codicis
1384 1716 1598 1757 Perottini
1645 1716 1842 1771 editione,

288 1809 415 1850 quam
454 1791 692 1847 publicavit
724 1789 959 1831 Iannellius
998 1802 1033 1829 a.
1058 1787 1188 1841 1809,
1240 1789 1283 1828 et
1320 1786 1694 1828 dissertationibus
1734 1786 1842 1828 01113-

275 1866 382 1919 1(10111
420 1864 576 1916 tribus,
621 1875 727 1916 quae
778 1859 1028 1914 prodierunt
1064 1856 1109 1913 fa.
1145 1857 1275 1910 1811,
1325 1852 1401 1911 per
1445 1858 1573 1898 breve
1613 1857 1842 1899 admodum

286 1938 454 1990 tempus
488 1934 550 1975 uti
582 1932 769 1984 licuerit,
801 1930 1051 1984 plerumque
1082 1943 1132 1970 ex
1153 1927 1323 1981 0101111,
1356 1928 1427 1983 qui
1461 1929 1565 1969 satis
1599 1931 1842 1970 accuratam

287 2006 481 2047 Phaedro
514 2003 689 2045 navavit
722 2016 914 2056 operam,
948 1999 1132 2041 editione
1165 2001 1264 2040 sunt
1295 1998 1445 2052 petita.
1500 1999 1566 2040 Ex
1594 1999 1741 2041 eadem
1774 1999 1840 2040 vel

287 2092 336 2118 ex
370 2074 584 2117 Schwabii
617 2075 717 2114 sunt
747 2072 891 2121 ducta,
931 2084 1039 2124 quae
1077 2071 1277 2122 excerpta
1314 2068 1428 2122 legis
1463 2083 1513 2109 ex
1554 2068 1711 2110 fabulis
1744 2084 1842 2110 ano-

287 2147 402 2202 nymi
434 2144 689 2187 Nilantiani.

406 2216 530 2257 Notis
570 2230 669 2255 usus
704 2228 796 2254 sum
835 2210 1166 2265 simplicissimis
1207 2213 1247 2250 et
1287 2209 1536 2263 plerumque
1575 2208 1710 2250 isdem
1750 2211 1841 2264 qni-

288 2289 365 2328 bus
398 2286 594 2326 Orellius.
658 2284 766 2324 Sunt
799 2285 940 2323 autem
973 2281 1073 2322 hae:

504 2354 537 2387 Ι)
656 2353 770 2387 codex
796 2351 1031 2386 pithoeanus.

500 2414 532 2447 R
656 2412 855 2455 Ilergetum
882 2409 970 2444 item
998 2420 1170 2453 expressa.
1194 2408 1231 2442 111
1258 2408 1314 2443 cd.
1344 2407 1492 2451 notgeri
1520 2407 1564 2441 de
1591 2408 1723 2452 quibus

781 2468 950 2503 videatur
975 2478 1082 2512 posse
1110 2467 1281 2501 dubitari.

497 2530 532 2564 R
654 2529 732 2564 cod.
760 2527 961 2562 Remensis.

500 2589 558 2633 1ng
655 2587 818 2623 eiusdem
846 2586 996 2622 collatio
1023 2585 1202 2620 Gudiana.

500 2647 555 2681 Rr
655 2645 816 2681 eiusdem
845 2645 994 2680 collatio
1023 2643 1242 2688 Rigaltiami.

502 2707 537 2740 Ι)
652 2705 730 2740 cod.
760 2704 936 2739 Danielis.

499 2766 541 2800 N
658 2765 737 2800 cod.
765 2763 1044 2809 Neapolitanus.

502 2825 533 2858 1⁷
662 2824 738 2859 cod.
767 2823 979 2859 Vaticanus

503 2884 543 2916 M
663 2882 844 2916 Luci-anns
872 2880 1036 2916 Mueller.

497 2954 521 2985 p
665 2942 790 2975 vnn-us
820 2940 1000 2975 Pithoeus.
