2028 3310
802 243 946 278 LIBER
971 242 1013 277 V.
1532 258 1535 261 ·
1629 239 1685 281 65

342 351 601 407 Carbonem,
633 356 682 394 ut
712 353 851 405 aiunt,
882 367 960 406 pro
993 351 1226 393 thensauro
1258 350 1510 392 invenimuS.

413 424 548 471 Quem
580 437 677 476 spes
709 422 884 475 delusit,
915 422 1013 463 huic
1046 422 1244 475 querelae
1277 421 1483 463 concinet.

857 562 954 604 VII.

625 633 913 676 [PRINOEPS
939 633 1176 666 TIBICEN.
1190 632 1196 676 ι

412 703 499 745 Vbi
531 719 665 746 vanus
697 704 863 745 animus
898 718 1001 744 aura
1033 706 1181 757 captus
1215 702 1371 743 frivola

343 775 545 828 Adripuit
575 775 831 817 insolentem
864 775 948 816 sibi
979 774 1189 827 fiduciam,

343 844 484 886 Facile
518 846 570 887 ad
601 846 787 887 derisum
820 846 955 887 stulta
987 844 1139 886 levitas
1171 844 1350 885 ducitur.

412 914 616 970 Princeps
648 917 809 958 tibicen
840 915 982 956 notior
1014 914 1143 968 paulo
1176 913 1271 966 fuit,

343 986 529 1039 Operam
560 986 767 1040 Bathyllo
801 985 955 1027 solitus
988 985 1033 1025 in
1065 998 1219 1025 scaena
1250 984 1364 1025 dare.
1668 996 1687 1024 5

342 1055 383 1096 Is
416 1056 526 1098 forte
558 1056 670 1098 ludis
702 1055 807 1111 (non
840 1056 944 1097 satis
976 1055 1149 1096 memini
1184 1053 1358 1110 quibus)

342 1125 455 1168 Dum
486 1140 643 1182 pegma
673 1128 859 1182 rapitur,
891 1126 1077 1168 concidit
1109 1140 1209 1167 casu
1241 1126 1363 1181 gravi

342 1196 586 1251 Necopinus
620 1201 662 1240 et
694 1198 913 1239 sinistram
943 1197 1075 1252 fregit
1106 1196 1273 1250 tibiam,

344 1267 460 1309 Duas
493 1283 587 1310 cum
619 1269 790 1310 dextras
824 1269 1048 1309 maluisset
1079 1267 1268 1322 perdere.

344 1338 461 1380 Inter
494 1353 642 1380 manus
676 1339 871 1380 sublatus
905 1341 947 1379 et
979 1339 1161 1380 multum
1193 1351 1368 1392 gemens
1646 1349 1688 1377 10

344 1409 528 1450 Domum
560 1409 755 1451 refertur.
818 1409 997 1463 Aliquot
1029 1423 1196 1449 menses
1229 1411 1465 1461 transeunt,

343 1480 409 1520 Ad
443 1481 673 1521 sanitatem
704 1480 804 1520 duni
838 1480 956 1520 venit
987 1479 1164 1520 curatio.

344 1550 404 1591 Vt
437 1553 728 1605 spectatorum
761 1551 936 1592 mollest
969 1553 1012 1591 et
1043 1549 1231 1603 lepidum
1265 1563 1413 1603 genus,

342 1621 587 1663 Desiderari
619 1622 776 1676 coepit,
809 1621 926 1662 cuius
958 1621 1132 1662 flatibus

344 1690 521 1734 Solebat
553 1693 728 1734 excitari
761 1692 961 1734 saltantis
993 1692 1127 1746 vigor.
1648 1702 1688 1731 15

414 1762 522 1804 Erat
552 1763 742 1804 facturus
775 1763 898 1804 ludos
932 1763 1105 1817 quidam
1136 1762 1308 1804 nobilis.

349 1832 404 1874 Vt
435 1849 582 1875 rursus
614 1834 848 1888 incipiebat
879 1833 1083 1887 Princeps
1116 1833 1295 1888 ingredi,

345 1904 531 1945 Adducit
561 1904 700 1958 pretio
734 1904 949 1957 precibus,
982 1907 1030 1944 ut
1060 1903 1358 1944 tantummodo

346 1973 444 2027 Ipso
478 1974 674 2015 ludorum
707 1974 951 2015 ostenderet
983 1989 1074 2015 sese
1106 1974 1186 2015 die.

346 2044 428 2093 Qui
460 2045 589 2086 simul
623 2045 815 2099 advenit,
845 2060 991 2087 rumor
1021 2046 1071 2086 de
1103 2045 1281 2086 tibicine
1646 2056 1690 2085 εει»

347 2115 509 2157 Fremit
534 2115 578 2156 in
604 2115 785 2158 theatro.
836 2116 1018 2165 Quidam
1046 2115 1273 2157 adfirmant
1298 2117 1526 2168 mortuum,

345 2186 527 2235 Quidam
554 2188 597 2227 in
624 2190 898 2241 conspectum
925 2186 1192 2240 proditurum
1222 2186 1313 2227 sine
1339 2200 1470 2227 mora.

135 2330 154 2360 6
180 2326 379 2360 thensauro
406 2326 481 2370 Hy,
508 2326 683 2361 thesauro
712 2326 754 2359 1¹.
832 2331 849 2361 7
878 2326 1026 2370 querele
1051 2326 1095 2368 P,
1122 2326 1272 2370 querela
1297 2326 1348 2360 ed.
1363 2325 1471 2360 Broc.
1523 2325 1693 2360 concinet

135 2384 193 2426 M,
219 2383 391 2419 convenit
417 2385 516 2425 cdd.;
543 2385 694 2428 querela
720 2385 894 2420 convenit
917 2397 949 2421 r.

228 2441 295 2477 VII
320 2444 429 2478 inser.
444 2443 585 2478 Procax
610 2443 750 2478 tibicen
767 2444 854 2488 PR,
880 2455 939 2479 em.
949 2444 1068 2490 Bony.
1120 2449 1139 2479 2
1167 2444 1332 2489 adripuit
1344 2444 1500 2488 Rigalt,
1529 2443 1693 2489 abripuit

137 2502 181 2545 P,
207 2501 365 2547 arripuit
396 2503 448 2537 ed.
474 2502 582 2536 Broc.
666 2507 686 2537 3
713 2503 830 2537 stulta
849 2515 894 2546 p,
934 2505 972 2538 et
998 2504 1114 2538 stulta
1142 2503 1228 2538 PR.
1314 2507 1334 2537 5
1361 2513 1471 2537 scena
1490 2514 1536 2546 1),
1575 2503 1693 2538 chena

138 2561 226 2596 PR.
283 2565 302 2596 7
328 2572 461 2606 pecma
483 2560 570 2594 PR.
633 2565 653 2595 8
679 2572 746 2596 nec
772 2561 903 2606 opinus
930 2564 967 2597 et
985 2563 1184 2605 cheletus,
1209 2573 1277 2597 nec
1303 2562 1390 2606 opia
1416 2561 1480 2596 sed
1503 2561 1622 2605 PI1’9;
1646 2572 1692 2596 ne

135 2620 243 2665 copia
267 2632 311 2655 eat
336 2620 371 2654 R
396 2623 499 2654 ‘notat
533 2619 652 2663 Vino„
687 2621 750 2664 qui
773 2621 882 2654 simul
913 2624 1028 2655 monet
1053 2622 1170 2655 ¹rideri
1201 2621 1342 2665 aliquid
1372 2621 1485 2663 fuisse
1518 2621 1693 2664 scriptum

134 2691 249 2723 supra
275 2678 398 2723 copia,
442 2679 537 2722 quod
562 2679 726 2722 deinceps
761 2682 846 2713 esset
876 2680 1039 2714 deletum.
1132 2684 1173 2714 11
1202 2679 1346 2723 aliquot
1371 2691 1416 2713 m,
1444 2680 1637 2713 transeunt
1659 2691 1691 2723 r,

135 2737 286 2781 aliquod
313 2749 360 2772 m.
387 2738 555 2771 transeut
584 2737 626 2770 1¹.
704 2741 746 2771 13
774 2737 923 2773 mollest
949 2739 1012 2780 M,
1045 2749 1123 2772 mos
1149 2739 1205 2772 est
1231 2738 1308 2772 cdd.
1402 2741 1457 2776 17,
1486 2742 1528 2771 18
1554 2737 1608 2772 ita
1634 2739 1691 2781 M,

135 2800 167 2831 et
191 2797 356 2830 similiter
380 2796 520 2837 Bona,
558 2797 621 2840 qni
645 2797 791 2839 scripsit
825 2797 863 2830 et
894 2798 935 2830 ut
964 2795 1167 2840 incipiebat
1199 2807 1304 2840 posse
1336 2794 1511 2840 Princeps
1550 2796 1693 2841 ingredi

135 2855 278 2890 inducit
302 2867 355 2899 pr.
377 2865 491 2899 prec.;
519 2855 556 2889 et
581 2854 785 2899 incipiebat
804 2854 976 2900 Princeps
1003 2854 1137 2889 abduci
1162 2865 1264 2888 reum
1283 2853 1429 2899 ingredi
1450 2865 1472 2889 a
1491 2866 1529 2889 se
1549 2855 1695 2890 reducit

136 2914 278 2959 praetio
305 2913 470 2958 pretibus
497 2913 542 2956 P,
568 2924 632 2947 mc
657 2913 762 2946 aliter
788 2913 823 2946 11⁵
848 2917 991 2957 accepto
1017 2913 1111 2957 quod
1139 2913 1177 2946 in
1202 2924 1239 2947 eo
1266 2913 1397 2957 Ieyitur
1423 2912 1545 2948 reduci
1573 2914 1692 2958 pretio

134 2972 316 3019 precibus.
390 2976 431 3006 21
460 2971 587 3006 fremit
606 2984 646 3015 μ,
673 2971 806 3006 fremet
834 2971 877 3007 1'.

202 3032 329 3057 Phaedri
350 3032 484 3063 fabulae,
510 3032 553 3057 ed.
576 3032 606 3056 L.
623 3031 790 3056 Mcnnmta.
1387 3034 1406 3063 ὅ
