2028 3310
855 191 999 225 LIBER
1024 191 1084 225 III.
1691 192 1741 231 41

409 298 521 339 Nam
556 298 645 339 vita
677 298 806 339 morti
838 298 1012 352 propior
1044 301 1110 339 est
1140 298 1309 351 cotidie,
1708 309 1750 339 10

408 368 468 409 Et
498 368 578 409 hoc
610 367 749 408 minus
782 368 1001 421 perveniet
1034 368 1086 409 ad
1118 383 1184 409 me
1217 368 1419 422 muneris,

410 438 503 487 Quo
535 438 631 492 plus
664 440 886 479 consumet
917 438 1121 492 temporis
1153 438 1315 479 dilatio.

411 507 455 549 Si
487 508 572 549 cito
604 522 695 548 rem
726 521 924 562 perageS,
955 523 1054 549 usus
1087 508 1162 549 fiet
1193 508 1380 562 longior:

409 577 544 618 Fruar
575 577 756 631 diutius,
788 578 824 619 si
857 578 1034 619 celerius
1066 593 1257 633 coepero.

409 646 672 702 Languentis
705 648 798 690 aevi
830 648 930 689 dum
962 650 1061 690 sunt
1092 648 1261 703 aliquae
1292 648 1510 702 reliquiae,
1709 660 1749 689 15

409 718 583 760 Auxilio
616 719 732 761 locus
766 721 848 760 est:
881 719 983 761 olim
1016 719 1133 761 senio
1166 719 1349 760 debilem

408 789 588 831 Frustra
619 789 819 831 adiuvare
851 790 1023 832 bonitas
1055 790 1216 831 nitetur
1247 793 1333 843 tua,

409 859 517 901 Cum
548 860 634 901 iam
666 861 839 902 desierit
871 875 964 902 esse
997 861 1225 902 benficium
1256 860 1374 913 utile,

408 930 465 971 Et
499 945 614 972 mors
648 931 788 972 vicina
820 931 1039 985 flagitabit
1070 931 1274 972 debitum.

411 1000 599 1042 Stultum
631 1001 856 1043 admovere
888 1001 970 1043 tibi
1000 1016 1146 1055 preces
1180 1001 1391 1054 existimo,
1707 1011 1750 1041 20

409 1071 617 1113 Proclivis
651 1072 763 1114 ultro
796 1087 891 1114 cum
923 1072 980 1113 sit
1011 1072 1314 1113 misericordia.

410 1140 545 1196 Saepe
577 1143 811 1197 inpetravit
842 1143 1013 1184 veniam
1045 1142 1263 1185 confessus
1296 1157 1410 1183 reus:

410 1212 579 1261 Quanto
611 1212 828 1254 innocenti
860 1213 1014 1254 iustius
1048 1213 1173 1255 debet
1204 1213 1324 1254 dari?

410 1281 527 1323 Tuae
559 1285 659 1324 sunt
689 1286 853 1337 partes3
885 1283 1058 1325 fuerunt
1090 1283 1271 1325 aliorum
1302 1283 1439 1338 prius3

409 1352 521 1394 Dein
553 1353 684 1395 simili
716 1368 824 1409 gyro
857 1352 1028 1395 venient
1059 1354 1241 1395 aliorum
1272 1355 1399 1396 vices.
1706 1361 1751 1393 25

409 1423 601 1465 Decerne
633 1423 745 1477 quod
776 1423 942 1478 religio,
975 1424 1087 1478 quod
1117 1424 1281 1478 patitur
1311 1423 1429 1478 fides,

409 1493 468 1535 Et
499 1494 688 1548 graviter
719 1508 787 1535 me
819 1496 960 1535 tutare
992 1494 1149 1536 iudicio
1181 1497 1269 1535 tuo.

409 1564 590 1606 Excedit
622 1564 790 1605 animus
825 1579 951 1619 quem
982 1566 1209 1619 proposuit
1239 1564 1486 1620 terminum3

412 1635 494 1677 Sed
526 1635 755 1676 difficulter
787 1635 1029 1677 continetur
1061 1636 1250 1690 spiritus,

411 1705 682 1760 Integritatis
715 1706 787 1760 qui
820 1705 1010 1747 sincerae
1042 1697 1236 1748 conscius
1707 1715 1752 1747 30

412 1777 450 1817 A
482 1777 706 1818 noxiorum
737 1777 946 1831 premitur
978 1777 1232 1818 insolentiis

413 1847 494 1896 Qui
528 1846 630 1900 sint,
662 1847 867 1901 requires3
901 1847 1168 1902 apparebunt
1200 1849 1402 1900 tempore.

411 1917 505 1972 Ego
538 1917 752 1972 quondam
784 1917 873 1972 legi
905 1932 1032 1972 quam
1063 1932 1168 1971 puer
1195 1916 1452 1958 sententiam

413 1987 580 2029 ‘Palam
611 1988 785 2029 muttire
818 1988 986 2042 plebeio
1019 1986 1304 2041 piaculumst’,

411 2057 524 2099 Dum
558 2047 719 2100 sanitas
753 2057 987 2111 constabit,
1020 2057 1198 2112 pulchre
1230 2057 1477 2099 meminero.
1707 2068 1750 2099 35

204 2215 245 2244 10
270 2210 440 2255 proprior
467 2209 504 2243 P
527 2210 582 2253 (de
603 2209 640 2243 R
667 2220 738 2244 non
763 2211 926 2253 constat).
977 2209 1113 2244 cotidie
1143 2209 1229 2244 PR.
1306 2213 1345 2243 11
1373 2208 1566 2254 perveniet
1587 2209 1753 2251 Vrsinus,

202 2267 324 2302 veniet
346 2267 432 2301 PR.
508 2271 550 2301 13
578 2267 670 2302 scito
697 2268 751 2311 (ut
769 2271 862 2312 puto
882 2278 953 2312 pro
979 2267 1010 2301 si
1037 2267 1121 2310 cito,
1147 2277 1221 2302 mm
1241 2277 1312 2311 pro
1338 2266 1426 2311 cito)
1449 2268 1557 2311 prius
1587 2268 1630 2309 P,
1655 2268 1698 2302 de
1717 2268 1753 2302 R

200 2338 274 2362 -ηοη
299 2329 447 2361 constat.
523 2330 567 2360 14
592 2337 748 2371 coepero
763 2326 844 2371 PR,
871 2337 1002 2372 cepero
1016 2326 1187 2361 Rittersh.
1263 2330 1306 2361 18
1332 2326 1483 2361 desierit
1505 2338 1543 2371 p,
1570 2326 1752 2361 desideret

204 2387 248 2429 P,
274 2385 461 2420 desiderat
485 2385 530 2419 R.
586 2385 806 2421 beneficium
830 2386 922 2421 utile
942 2397 988 2430 p,
1025 2385 1203 2420 beneficio
1230 2385 1358 2420 utilius
1387 2385 1502 2430 PRy,
1534 2385 1752 2420 beneficium

200 2444 329 2480 utilius
356 2445 391 2479 R
410 2447 484 2479 test.
508 2444 608 2479 Vinc.
683 2449 727 2480 ‘20
752 2455 878 2490 preces
899 2444 1069 2479 existimo
1090 2444 1258 2487 Gronov„
1284 2455 1439 2489 preceps
1459 2445 1535 2479 exis
1557 2445 1599 2487 P,
1626 2455 1752 2489 preces

202 2504 278 2538 exis
303 2503 340 2538 R
365 2507 438 2538 test.
457 2503 570 2546 Vina,
596 2513 724 2547 preces
750 2514 834 2538 exes
860 2504 910 2538 id.
931 2514 1038 2538 asser.
1053 2503 1170 2544 Gud.;
1194 2513 1321 2547 preces
1348 2504 1413 2546 est,
1438 2503 1618 2547 Eutyche,
1631 2494 1750 2537 Bentl.

202 2567 247 2597 24
273 2561 373 2608 prius
399 2562 438 2596 in
467 2561 543 2595 PR
569 2562 631 2606 leq.
653 2564 737 2605 post
761 2562 855 2596 illud
879 2561 1053 2605 aliorum,
1091 2562 1186 2607 quod
1211 2565 1261 2596 est
1284 2573 1313 2596 v.
1337 2565 1401 2603 25,·
1443 2562 1484 2596 in
1509 2561 1622 2595 locum
1647 2571 1752 2596 suum

202 2622 380 2657 revocavit
405 2621 559 2656 Gudius.
609 2620 710 2665 prius
736 2620 781 2655 ab
807 2621 897 2665 ipso,
922 2624 964 2655 ut
988 2621 1140 2663 videtur,
1166 2621 1318 2655 librario
1344 2620 1495 2655 deletum
1522 2623 1571 2654 est
1596 2620 1637 2654 in
1663 2619 1708 2654 R.

203 2685 248 2716 25
274 2680 354 2726 giro
374 2680 420 2714 R.
488 2683 532 2714 26
557 2677 697 2723 relegio
717 2679 827 2723 prius
846 2680 889 2713 P.
951 2683 995 2714 27
1022 2678 1184 2724 graviter
1209 2690 1267 2713 me
1293 2680 1414 2713 tutare
1440 2679 1546 2720 docti,
1571 2679 1753 2723 gratulari

203 2750 261 2774 me
287 2739 402 2773 latere
427 2739 513 2781 (sire
534 2741 572 2772 ut
586 2738 680 2772 Gud.
701 2741 775 2773 test.
801 2739 934 2781 tatare)
960 2738 1006 2781 R,
1033 2740 1071 2773 et
1095 2737 1273 2782 gratulari
1298 2737 1499 2782 (gratulare
1525 2741 1607 2772 teste
1620 2737 1752 2782 Bony.)

203 2808 262 2832 me
286 2799 410 2832 tacere
436 2798 522 2839 (sive
546 2799 678 2840 tatere)
702 2797 750 2839 P;
777 2799 815 2832 et
839 2797 1019 2842 gratulari
1045 2808 1102 2831 me
1129 2796 1186 2831 fac
1207 2807 1248 2840 p,
1276 2807 1305 2830 v.
1379 2800 1421 2830 31
1449 2795 1640 2830 insolentis
1664 2796 1750 2830 PR.

175 2861 180 2865 ’
203 2861 248 2892 33
273 2855 378 2901 pueri
406 2848 493 2891 PR.
567 2860 611 2890 34
638 2854 788 2890 muttire
816 2856 867 2899 P,
893 2857 1055 2890 mutture
1081 2855 1156 2899 Rq,
1190 2855 1325 2888 mutire
1350 2853 1498 2898 Festus,
1528 2855 1669 2890 Paulus
1689 2866 1752 2900 pq.

207 2918 362 2958 145,144
376 2915 427 2949 ed.
445 2915 500 2949 M.
551 2913 739 2959 piaculum
765 2916 822 2949 est
835 2914 978 2957 Festus,
994 2915 1147 2958 Paulus,
1172 2913 1375 2959 periculum
1396 2916 1453 2950 est
1468 2913 1554 2948 PR.
1612 2917 1656 2949 35
1676 2925 1752 2950 me·
