2028 3310
257 221 313 262 56
761 221 824 255 PH
830 220 977 254 AEDRI
1002 218 1303 253 FABVLARVM

953 325 1114 367 XXIII.

823 395 912 440 [DE
939 396 1241 441 SIMONIDE.]

506 469 645 510 Homo
678 468 830 510 doctus
862 468 907 509 in
938 483 983 510 se
1017 481 1183 522 semper
1215 467 1387 509 divitias
1421 466 1562 509 habet.

436 538 694 592 Simonides,
727 538 798 593 qui
830 538 1004 592 scripsit
1037 539 1258 593 egregium
1289 538 1437 592 melos,

435 611 527 660 Quo
559 611 857 664 paupert-atem
889 609 1120 651 sustineret
1151 609 1333 662 facilius,

435 681 606 723 Circum
638 680 699 721 ire
732 680 873 734 coepit
904 680 1030 721 urbes
1064 680 1194 720 Asiae
1226 679 1408 732 nobiles,

436 751 630 793 Mercede
662 754 836 805 accepta
868 751 1037 792 laudem
1069 750 1281 791 victorum
1313 765 1480 792 canens.
1793 763 1813 792 5

437 813 530 863 Hoc
557 835 710 875 genere
738 824 939 876 quaestus
966 824 1196 876 postquam
1223 819 1414 875 locuples
1439 821 1577 863 factus
1604 825 1681 875 est,

440 892 590 934 Redire
623 893 666 933 in
697 892 884 946 patriam
917 891 1056 933 voluit
1088 905 1213 932 cursu
1245 891 1438 946 pelagi03

436 963 544 1004 Erat
577 966 737 1016 autem,
769 966 817 1004 ut
849 963 986 1015 aiunt,
1016 964 1142 1003 natus
1175 961 1220 1002 in
1254 960 1332 1003 Cia
1363 962 1516 1004 insula.

438 1033 643 1075 Ascendit
673 1048 845 1087 navem,
878 1047 1004 1087 quam
1036 1035 1270 1086 tempestas
1301 1032 1477 1073 horrida

439 1103 575 1144 Simul
609 1106 651 1144 et
682 1106 874 1144 vetustas
907 1103 1044 1144 medio
1078 1102 1277 1144 dissolvit
1308 1103 1429 1144 mari.
1776 1115 1819 1145 10

439 1174 497 1215 Hi
530 1189 676 1227 zonas,
709 1174 773 1215 illi
806 1188 872 1215 res
905 1173 1116 1228 pretiosas
1150 1173 1372 1228 colligunt,

441 1244 686 1287 Subsidium
719 1245 845 1286 vitae.
907 1243 1088 1293 Quidam
1121 1244 1345 1285 curiosior:

440 1315 674 1368 Simonide,
706 1318 753 1356 tu
786 1329 835 1357 ex
869 1314 1022 1369 opibus
1055 1313 1115 1354 nil
1149 1314 1282 1356 sumis
1314 1314 1431 1356 tuis?

439 1386 619 1438 Mecum,
645 1385 797 1441 inquit,
823 1400 918 1427 mea
945 1390 1042 1426 sunt
1068 1387 1231 1426 cuncta.
1281 1385 1398 1426 Tunc
1423 1385 1548 1440 pauci
1575 1389 1763 1441 enat-ant,

442 1457 550 1506 Quia
581 1456 723 1511 plures
757 1471 883 1497 onere
916 1455 1139 1510 degravati
1170 1455 1400 1509 perierant.
1550 1478 1555 1485 ·
1779 1468 1822 1498 15

441 1527 681 1569 Praedones
709 1526 876 1580 adsunt,
901 1526 1087 1580 rapiunt,
1114 1525 1227 1580 quod
1253 1526 1430 1580 quisque
1457 1527 1623 1581 extulit,

441 1597 589 1640 Nudos
622 1596 879 1651 relinquunt.
940 1595 1068 1637 Forte
1102 1594 1384 1638 Clazomenae
1415 1611 1546 1650 prope

442 1669 634 1723 Antiqua
665 1667 748 1709 fuit
779 1667 900 1721 urbs,
933 1681 1061 1722 quam
1092 1667 1310 1721 petierunt
1335 1667 1548 1722 naufragi.

442 1739 523 1780 Hic
554 1738 801 1779 litterarum
835 1737 1007 1792 quidam
1040 1737 1182 1779 studio
1215 1737 1396 1792 deditus,

443 1809 675 1851 Simonidis
708 1809 779 1863 qui
813 1822 939 1862 saepe
972 1823 1119 1850 versus
1151 1808 1318 1863 legerat
1782 1821 1826 1851 20

444 1880 633 1934 Eratque
667 1879 856 1921 absentis
890 1878 1124 1921 admirator
1150 1879 1373 1932 maximus,

445 1950 647 1992 Sermone
683 1949 734 1991 ab
769 1949 863 2003 ipso
896 1950 1118 2004 cognitum
1151 1949 1425 2004 cupidissime

444 2022 510 2062 Ad
545 2036 588 2062 se
620 2020 800 2075 recepit3
832 2024 968 2074 veste,
1000 2020 1204 2074 nummis,
1236 2019 1404 2062 familia

446 2092 675 2133 Hominem
707 2091 939 2133 exornavit.
1002 2090 1145 2133 Ceteri
1177 2091 1370 2133 tabulam
1403 2106 1524 2132 suam

445 2163 627 2204 Portant
658 2164 860 2216 rogantes
894 2162 1066 2203 victum.
1129 2161 1245 2211 Quos
1279 2176 1379 2203 casu
1412 2161 1560 2203 obvios
1785 2174 1828 2204 25

364 2303 501 2346 XXIII,
531 2307 544 2336 1
574 2293 639 2337 om.
659 2301 697 2337 V.
763 2306 783 2335 4
809 2301 1002 2336 circumire
1024 2302 1102 2336 cdd.
1163 2306 1183 2336 5
1204 2301 1332 2336 laudes
1351 2301 1513 2336 virorum
1530 2301 1569 2336 V.
1633 2306 1653 2336 6
1679 2303 1830 2346 questus

273 2363 308 2396 1’
324 2362 362 2404 V,
394 2363 436 2396 de
462 2361 497 2395 R
522 2372 596 2395 mm
622 2364 770 2395 constat.
841 2360 980 2395 factum
1010 2360 1096 2395 PR.
1191 2365 1208 2395 7
1235 2360 1359 2396 venire
1390 2360 1477 2395 PR.
1540 2360 1659 2396 voluit
1689 2373 1754 2397 om.
1781 2361 1830 2406 B,

270 2432 461 2465 operarum
485 2420 585 2455 haud
610 2421 718 2455 dubie
743 2431 870 2455 errore.
935 2420 1059 2465 pelagi
1090 2420 1216 2462 PRI’,
1243 2431 1334 2456 corr.
1355 2420 1473 2465 Bouy.
1557 2424 1577 2455 8
1603 2431 1669 2454 om.
1694 2419 1733 2455 V.
1790 2423 1832 2455 ut

270 2479 373 2514 aiunt
399 2481 507 2514 natus
534 2479 668 2524 Bony„
707 2481 815 2513 natus
842 2481 880 2513 ut
908 2478 1010 2513 aiunt
1043 2479 1128 2515 1’11'.
1205 2478 1271 2513 Cia
1296 2479 1442 2514 Luc-hm.
1470 2480 1519 2514 «d
1543 2479 1653 2514 Lacr.
1676 2483 1830 2524 119160,

271 2538 362 2573 Chia
387 2538 434 2581 R,
462 2537 573 2573 Sehia
602 2538 644 2572 1¹.
711 2538 807 2572 Ῑιιιηο
833 2550 861 2573 s.
890 2551 910 2572 α
945 2538 1110 2572 Phaedro
1136 2539 1324 2573 «deiudicat
1353 2538 1471 2581 orell„
1505 2539 1658 2580 sortasse
1685 2541 1782 2574 recte.

275 2603 315 2631 11)
336 2597 503 2633 etom.l'.
551 2594 739 2631 ‹lissiliuiit
766 2597 813 2630 id.
867 2601 905 2631 11
928 2595 980 2630 hii
1002 2596 1085 2630 ΡΗ.
1137 2597 1266 2641 legunt
1282 2597 1320 2631 Γ.
1372 2601 1412 2631 13
1431 2595 1483 2630 nil
1504 2596 1649 2640 Rv'yalt„
1677 2595 1769 2630 nihil
1787 2596 1829 2632 Γ.

272 2658 305 2691 S.
328 2655 447 2701 inquit
472 2658 512 2691 tu
539 2655 629 2690 nihil
659 2668 701 2691 ex
727 2656 818 2690 istos
845 2655 939 2699 (istis
968 2656 1023 2698 N)
1056 2656 1169 2691 sumis
1194 2657 1279 2690 VN.
1356 2660 1398 2690 14
1424 2657 1500 2690 tam
1521 2655 1560 2689 Γ.
1627 2660 1668 2690 15
1694 2667 1778 2690 nam
1789 2655 1829 2692 V.

273 2715 458 2760 perierant
488 2715 600 2759 1’Jey,
641 2715 831 2760 perierunt
856 2715 910 2756 N,
946 2714 1087 2759 periere
1119 2715 1155 2750 1'.
1235 2719 1273 2749 17
1302 2714 1400 2749 nudo
1431 2714 1474 2756 P,
1500 2726 1571 2748 mm
1604 2714 1642 2749 Γ.
1705 2713 1830 2749 (31πο-

273 2786 377 2809 meue
397 2774 478 2815 1’1',
505 2786 595 2810 corr.
619 2786 656 2818 J).
722 2778 763 2809 18
791 2773 944 2817 natiqua
969 2775 1055 2815 (sire
1081 2775 1156 2809 nati
1184 2777 1269 2818 qua)
1293 2774 1336 2817 1’,
1363 2773 1441 2808 nati
1467 2784 1539 2817 qna
1559 2773 1627 2817 It'y.
1695 2777 1735 2808 19
1761 2773 1830 2808 hac

285 2833 321 2868 Γ.
378 2838 422 2867 2«)
449 2844 554 2868 verus
586 2833 694 2878 I’Jffy.
763 2837 802 2868 ‘21
835 2835 915 2868 erat
940 2844 1032 2877 quae
1053 2833 1094 2867 I'.
1169 2838 1212 2867 22
1240 2833 1286 2868 ab
1312 2845 1377 2868 om.
1401 2832 1438 2868 Γ.
1512 2836 1556 2867 23
1584 2833 1773 2877 receptmu
1791 2831 1830 2866 V.

274 2892 382 2927 nimis
406 2905 472 2936 μνη
500 2892 657 2927 nummis
685 2892 732 2926 id.
808 2896 850 2926 ‘35
880 2893 1029 2936 portant
1059 2891 1097 2934 Γ,
1124 2892 1175 2926 cd.
1203 2892 1323 2929 Broc„
1349 2890 1497 2936 poi-iant
1521 2889 1597 2935 Ry,
1635 2889 1832 2936 porrigunt

276 2953 457 2996 restwu'pte's
484 2964 499 2985 ι·
521 2952 655 2996 priore,
683 2963 706 2995 g
732 2964 754 2985 u
785 2951 827 2985 1’.
879 2950 1006 2985 obvios
1036 2951 1074 2994 Γ,
1102 2951 1231 2985 obvius
1261 2951 1305 2993 1’,
1330 2950 1383 2986 ed.
1405 2950 1511 2985 Broc.
