2028 3310
311 193 367 234 32
756 242 760 246 .
815 188 1032 224 PHAEDRI
1057 186 1357 222 FABVLARVM

522 298 763 353 Magnaque
795 296 957 337 invidia
988 295 1239 336 criminatur
1270 293 1422 347 filium,
1824 303 1867 333 10

522 368 602 409 Vir
632 370 760 408 natus
794 366 906 420 quod
938 380 1029 407 rem
1059 365 1316 406 feminarum
1346 363 1554 417 tetigerit.

523 437 758 490 Amplexus
791 436 863 477 ille
895 439 1124 490 utrumque
1156 436 1199 475 et
1230 447 1407 487 carpens
1440 433 1588 474 oscula

523 508 786 562 Dulcemque
819 507 865 548 in
897 507 1046 548 ambos
1080 505 1305 547 caritatem
1337 503 1548 557 partiens:

525 576 710 631 Cotidie,
741 577 898 632 inquit,
930 576 1102 630 speculo
1134 589 1209 616 vos
1243 574 1305 615 uti
1337 574 1452 615 volo:

523 647 586 688 Tu
619 648 803 689 formam
834 662 887 689 ne
919 660 1167 700 corrumpas
1200 644 1416 698 nequitiae
1449 644 1593 697 malis3
1827 652 1869 683 15

524 717 588 759 Tu
619 717 773 760 faciem
798 720 847 758 ut
879 717 1009 758 istam
1041 715 1232 758 moribus
1265 714 1410 755 vincas
1443 714 1579 755 bonis.

1053 857 1126 898 IX.
1361 881 1373 892 .

758 928 1057 973 [socRATES
1083 928 1158 960 AD
1185 925 1421 970 AMICOS]

597 1000 788 1055 Vulgare
822 1000 949 1041 amici
979 1013 1154 1052 nomen,
1187 997 1261 1039 sed
1293 1000 1434 1038 rarast
1465 995 1582 1037 fides.

527 1069 635 1112 Cum
666 1085 820 1124 parvas
853 1070 976 1111 aedes
1010 1069 1093 1110 sibi
1124 1068 1346 1109 fundasset
1379 1066 1590 1120 Socrates,

527 1141 676 1192 (Cuius
709 1157 796 1183 non
829 1141 948 1195 fugio
981 1142 1184 1193 mortem,
1217 1139 1253 1180 si
1285 1139 1447 1180 famam
1480 1138 1708 1191 adsequar,

525 1213 584 1254 Et
617 1213 718 1255 cedo
751 1212 956 1266 invidiae,
989 1210 1218 1253 dummodo
1253 1210 1454 1251 absolvar
1485 1208 1613 1262 cinis)

526 1283 587 1325 Ec
618 1283 778 1337 populo
812 1282 872 1323 sic
902 1281 1164 1336 nescioquis,
1196 1283 1244 1321 ut
1276 1280 1369 1321 fieri
1402 1279 1531 1320 solet:

527 1354 714 1407 Quaeso,
746 1356 837 1394 tam
869 1355 1098 1407 angustam
1129 1351 1232 1393 talis
1264 1351 1330 1392 vir
1354 1350 1479 1404 ponis
1512 1349 1714 1390 domum?

525 1424 720 1478 Vtinam,
751 1423 911 1478 inquit,
942 1423 1053 1464 veris
1085 1422 1196 1464 hanc
1227 1421 1375 1463 amicis
1407 1412 1628 1474 impleam!

1853 1288 1873 1319 27!

1069 1564 1120 1606 X.

518 1636 716 1680 [POETA
741 1637 815 1670 DE
843 1636 1106 1669 OREDERE
1133 1635 1203 1667 ΕΤ
1230 1634 1350 1667 NON
1376 1631 1668 1676 CREDERE.]

598 1707 934 1749 Periculosumst
967 1705 1135 1747 credere
1168 1707 1211 1746 et
1241 1720 1327 1746 non
1360 1704 1539 1746 credere.

528 1778 692 1820 Ponam
724 1778 946 1832 utriusque
978 1777 1166 1818 breviter
1199 1776 1440 1830 exemplum
1472 1775 1546 1816 rei.

597 1848 863 1903 Hippolytus
897 1848 1022 1901 obiit,
1056 1847 1156 1902 quia
1187 1861 1395 1888 novercae
1428 1846 1697 1899 creditumst3

530 1919 794 1961 Cassandrae
827 1919 927 1974 quia
957 1933 1043 1960 non
1075 1919 1302 1973 creditum,
1333 1918 1421 1959 ruit
1453 1917 1593 1958 Ilium.

528 1991 646 2045 Ergo
681 1991 985 2045 explorandast
1016 1990 1175 2031 veritas
1208 1990 1391 2031 multum
1422 1989 1539 2043 prius
1856 1999 1875 2028 5

530 2061 667 2110 Quam
700 2061 831 2102 stulte
864 2056 997 2115 prava
1028 2060 1186 2102 iudicet
1220 2059 1446 2101 sententia.

531 2131 612 2173 Sed
643 2132 887 2174 fabulosam
919 2146 970 2172 ne
1003 2133 1261 2173 vetustatem
1295 2131 1447 2183 eleves,

528 2202 726 2244 Narrabo
759 2203 840 2244 tibi
873 2202 1079 2243 memoria
1111 2201 1223 2256 quod
1248 2201 1453 2242 factumst
1486 2214 1593 2241 mea..

600 2273 782 2315 Maritus
816 2273 987 2328 quidam
1021 2287 1115 2314 cum
1147 2272 1343 2326 diligeret
1376 2271 1600 2325 coniugem

321 2454 363 2484 10
389 2460 526 2494 magna
551 2460 644 2493 quae
662 2449 705 2484 P.
758 2448 1005 2494 ‘criminatur]
1032 2449 1093 2492 sie,
1119 2458 1186 2492 pro
1212 2446 1442 2482 criminatur’
1470 2447 1659 2489 manifesto
1687 2456 1877 2490 operarum

319 2519 437 2544 errore
461 2509 507 2542 B.
585 2513 624 2543 11
653 2519 718 2543 om.
742 2508 782 2542 V.
859 2512 900 2542 1²2
929 2508 991 2542 ille
1018 2507 1210 2552 amplexus
1238 2506 1277 2541 V.
1355 2509 1398 2539 14
1425 2504 1561 2540 cotidie
1592 2504 1678 2547 PR,
1706 2505 1877 2540 continue

320 2568 343 2602 i.
372 2568 531 2613 speculis
565 2567 605 2602 V.
681 2570 722 2601 15
751 2566 954 2611 corrumpis
980 2565 1148 2610 nequitia
1183 2565 1222 2598 Γ.

415 2627 482 2670 lx,
510 2630 530 2661 5
559 2637 598 2661 ec
628 2626 692 2668 M,
719 2626 776 2660 est
804 2626 849 2668 P,
875 2638 918 2661 ox
932 2637 982 2670 p:
1009 2626 1052 2660 (le
1078 2624 1112 2658 J?
1138 2635 1208 2658 uon
1237 2626 1387 2658 constat.

414 2687 464 2730 X,
492 2690 512 2720 ‘2
538 2686 592 2720 ita
622 2685 686 2727 Μ,·
722 2697 754 2719 u.
783 2695 811 2720 e.
839 2684 874 2720 b.
901 2695 1080 2728 exponam
1108 2694 1257 2727 ‹pon-am
1293 2682 1340 2725 Γ)
1368 2682 1420 2717 rei
1446 2682 1524 2717 cdd.
1608 2686 1627 2715 3
1655 2681 1877 2726 Hyppolitus

324 2746 366 2788 Ι),
393 2746 436 2779 (lc
455 2744 490 2778 11’
515 2755 590 2779 non
615 2746 764 2778 constat.
817 2742 911 2777 obiit
940 2742 978 2786 Γ,
1005 2742 1084 2777 obit
1107 2742 1193 2777 I'In'.
1269 2746 1288 2775 ἴ)
1316 2752 1460 2786 semper
1486 2741 1587 2786 prius
1617 2740 1656 2775 Γ.
1716 2745 1736 2774 (ἱ
1763 2741 1878 2774 stulta

320 2815 431 2849 prave
462 2804 504 2845 1²,
530 2815 571 2845 v,
611 2803 724 2838 stulte
751 2814 866 2847 prava
900 2803 938 2837 V.
1015 2807 1033 2837 7
1062 2802 1233 2836 fabulosa
1263 2801 1357 2844 ΓΗ,
1390 2800 1597 2835 fabulosam
1626 2799 1666 2835 Γ.
1716 2801 1877 2834 vetusta-

320 2867 393 2899 tem
421 2865 498 2899 edd.
551 2863 671 2898 eleves
691 2862 822 2903 Remi,
849 2862 969 2896 lovem
994 2861 1037 2903 1),
1069 2860 1099 2894 ln’
1120 2872 1162 2894 m.
1181 2872 1260 2904 1172:
1287 2860 1335 2895 id.
1358 2871 1400 2894 m.
1420 2871 1484 2895 sec.
1512 2860 1696 2894 vetustate
1723 2859 1876 2894 elevem.

321 2934 463 2958 asseras
499 2922 538 2957 V.
613 2926 633 2955 8
659 2921 758 2966 quod
785 2920 962 2955 memoria
991 2920 1028 2954 V.
1104 2925 1124 2953 9
1151 2921 1290 2954 castam
1315 2930 1384 2963 pro
1410 2919 1558 2963 quidam
1597 2919 1633 2952 Γ.
