2028 3310
850 229 995 263 LIBER
1022 229 1081 263 III.
1685 227 1740 267 33

401 335 649 390 Togamque
681 351 830 391 puram
864 337 947 378 iam
980 339 1153 390 pararet
1183 335 1286 387 filio,
1703 345 1744 374 lo

403 405 609 447 Seductus
643 407 686 447 in
719 410 929 448 secretum
961 421 986 447 a
1018 407 1220 447 libertost
1252 419 1340 457 suo,

404 475 611 530 Sperante
643 476 841 517 heredem
874 477 1012 517 suffici
1045 491 1089 517 se
1122 476 1374 530 proximum.

403 546 487 595 Qui
519 561 614 587 cum
648 547 698 587 de
730 561 860 601 puero
894 547 1033 587 multa
1065 547 1270 587 mentitus
1303 547 1415 586 foret

402 616 461 657 Et
491 616 615 669 plura
646 616 696 658 de
729 617 906 671 flagitiis
941 619 1085 658 castae
1119 616 1324 668 mulieris,

398 675 584 740 Adiecit,
616 687 657 728 id
691 687 802 741 quod
835 687 1050 728 sentiebat
1081 686 1264 727 maxime
1705 696 1744 725 15

402 755 649 798 Doliturum
682 758 862 811 amanti,
894 758 1106 798 ventitare
1139 756 1379 797 adulterum

404 826 647 881 Stuproque
679 828 796 881 turpi
827 828 964 881 pollui
995 828 1155 868 famam
1187 826 1348 867 domus.

401 897 604 938 Incensus
637 897 709 939 ille
742 898 852 940 falso
886 898 1030 939 uxoris
1063 897 1239 939 crimine

404 967 633 1009 Simulavit
665 968 747 1009 iter
779 968 832 1010 ad
864 968 1013 1009 villam
1040 969 1234 1022 clamque
1267 967 1310 1007 in
1342 966 1498 1019 oppido

406 1036 625 1080 Subsedit:
659 1039 809 1080 deinde
841 1042 971 1080 noctu
1004 1039 1147 1080 subito
1181 1038 1352 1079 ianuam
1704 1048 1747 1076 2«)

404 1107 601 1162 Intravit,
633 1111 751 1150 recta
783 1109 1023 1150 cubiculum
1056 1109 1201 1150 uxoris
1234 1110 1395 1162 petens,

403 1177 454 1219 In
487 1193 569 1233 quo
603 1179 788 1221 dormire
822 1183 961 1220 mater
990 1183 1138 1220 natum
1171 1180 1366 1232 iusserat,

405 1249 607 1290 Aetatem
639 1250 833 1291 adultam
867 1265 1041 1291 servans
1075 1249 1335 1303 diligentius.

404 1318 518 1360 Dum
551 1323 761 1373 quaerunt
793 1321 955 1374 lumen,
988 1321 1086 1361 dum
1121 1321 1374 1361 concursant
1407 1318 1583 1369 familia,

404 1389 498 1431 Irae
531 1391 711 1431 furentis
745 1391 952 1444 impetum
986 1405 1072 1431 non
1104 1390 1318 1431 sustinens

404 1461 469 1501 Ad
503 1460 659 1501 lectum
693 1461 876 1514 accedit,
907 1464 1095 1514 temptat
1128 1461 1170 1501 in
1202 1460 1393 1501 tenebris
1426 1463 1565 1514 caput.

403 1530 463 1571 Vt
495 1531 628 1572 sentit
659 1534 850 1585 tonsum,
883 1531 1028 1586 gladio
1062 1534 1211 1585 pectus
1244 1531 1461 1583 transigit,

404 1600 477 1642 Nil
511 1601 832 1655 introspiciens,
863 1601 962 1642 dum
995 1601 1187 1643 dolorem
1219 1601 1418 1642 vindicat.

402 1671 596 1712 Lucerna
628 1671 774 1713 adlata
807 1672 935 1713 simul
968 1672 1162 1725 adspexit
1193 1671 1330 1712 filium

405 1741 691 1796 Sanctamque
723 1757 899 1784 uxorem
933 1742 1214 1784 dormientem
1247 1740 1455 1793 eubiculo,
1706 1752 1750 1781 30

405 1811 557 1866 Sopita
588 1813 727 1867 primo
761 1827 868 1867 quae
900 1813 961 1854 nil
996 1828 1145 1854 somno
1179 1814 1385 1866 senserat,

404 1882 763 1937 Repraesentavit
795 1885 838 1925 in
871 1899 915 1925 se
946 1899 1129 1938 poenam
1161 1883 1361 1925 facinoris

404 1954 462 1995 Et
494 1954 605 1995 ferro
638 1955 850 2008 incubuit,
883 1955 994 2008 quod
1028 1954 1256 1995 credulitas
1289 1953 1533 1995 strinxerat.

405 2023 689 2065 Accusatores
720 2024 995 2078 postularunt
1027 2025 1249 2066 mulierem

405 2093 670 2149 Romamque
702 2097 1004 2148 pertraxerunt
1037 2095 1089 2136 ad
1121 2095 1420 2137 centumviros.
1706 2104 1749 2133 35

405 2164 599 2219 Maligna
631 2165 847 2206 insontem
879 2165 1081 2220 deprimit
1113 2165 1309 2219 suspitiO,

1705 1400 1734 1428 [ρ

1732 1400 1747 1426 νΙ

197 2307 238 2337 10
260 2305 492 2349 compararet
507 2304 547 2338 V.
600 2309 639 2339 11
658 2305 829 2340 seductus
846 2304 887 2349 V,
909 2305 972 2340 sed
986 2307 1091 2340 vetus
1109 2305 1189 2341 PR.
1241 2306 1296 2339 cst
1310 2304 1468 2341 02›2.P1?.
1513 2307 1551 2338 12
1573 2302 1750 2337 suffieisse

198 2362 302 2407 I’Rq,
328 2363 377 2397 id.
405 2362 597 2397 test.l⁷1'›zc.
626 2363 761 2398 sufficis
788 2374 836 2405 se,
869 2367 1045 2398 »actatum
1071 2376 1115 2398 m.
1143 2375 1207 2398 sec.
1234 2364 1273 2398 in
1301 2362 1419 2398 suffici
1446 2374 1493 2398 se.
1544 2361 1622 2397 fieri
1650 2373 1686 2396 se
1709 2361 1749 2395 V.

197 2426 238 2456 13
265 2421 325 2456 hie
352 2433 434 2456 cum
468 2421 508 2464 V,
535 2421 597 2465 qui
624 2421 711 2455 dum
741 2421 793 2463 P‚·
820 2421 854 2455 R
879 2425 999 2456 utrum
1027 2422 1154 2456 habeat
1181 2422 1268 2456 dum
1295 2434 1344 2456 an
1370 2433 1452 2455 cuni
1478 2432 1549 2455 non
1577 2424 1724 2456 constat.

196 2484 240 2515 15
267 2480 401 2515 adierit
426 2479 465 2513 Γ.
542 2484 584 2514 16
613 2482 798 2514 amantem
816 2480 856 2515 V.
931 2485 974 2516 18
999 2480 1115 2516 uteris
1149 2481 1189 2515 V.
1265 2485 1308 2515 20
1334 2491 1399 2514 suo
1426 2480 1520 2514 sedit
1545 2479 1676 2514 dehinc
1710 2479 1750 2513 V.

194 2539 305 2574 ianua
315 2539 354 2574 V.
407 2543 448 2572 21
474 2539 575 2573 tecta
589 2538 629 2572 V.
674 2538 802 2574 infelix
819 2550 888 2583 pro
907 2539 1031 2574 uxoris
1051 2541 1099 2574 id.
1151 2544 1195 2574 22
1222 2552 1256 2574 n.
1278 2540 1375 2574 m.V.
1427 2543 1470 2573 23
1492 2538 1687 2583 diligentia
1708 2537 1748 2573 V.

195 2603 240 2633 24
260 2600 479 2633 concursant
501 2597 545 2640 P,
572 2597 607 2631 Ie
621 2608 664 2631 m.
674 2609 746 2641 pr„
773 2598 822 2632 id.
843 2609 887 2634 m.
907 2609 972 2633 sec.
993 2609 1072 2633 cum
1089 2598 1122 2632 V
1144 2599 1350 2633 concursat.
1419 2601 1462 2632 26
1487 2609 1519 2632 a.
1540 2597 1563 2631 1.
1590 2596 1693 2630 vadit
1708 2596 1748 2631 Γ.

195 2659 329 2693 temtat
356 2657 448 2701 PR,
473 2657 595 2691 tentat
629 2655 668 2690 V.
743 2660 786 2691 27
814 2657 928 2692 sensit
962 2657 1002 2691 V.
1052 2657 1226 2701 transigit
1251 2657 1380 2701 Bonq„
1406 2654 1592 2699 transfigit
1617 2655 1695 2689 cdd.

196 2720 240 2751 28
265 2716 318 2750 m'l
344 2715 603 2761 introspiciens
629 2714 716 2749 dum
745 2715 801 2758 M,
827 2715 921 2750 nihil
948 2717 985 2750 in
1012 2716 1283 2761 respiciendum
1312 2715 1399 2759 PR,
1431 2714 1525 2749 nihil
1550 2714 1749 2759 respiciens

196 2775 284 2809 dum
302 2774 342 2818 V,
369 2778 400 2809 et
426 2775 479 2809 ita
506 2785 596 2810 corr.
624 2774 665 2808 in
691 2774 735 2808 R.
791 2774 956 2810 vindicat
977 2775 1039 2818 M,
1072 2775 1235 2810 vindicet
1260 2776 1337 2810 cclcl.
1411 2778 1455 2808 29
1482 2773 1581 2807 alata
1597 2772 1637 2807 V.
1688 2773 1749 2807 ad-

197 2834 318 2879 spexit
345 2834 388 2876 P,
416 2834 559 2878 aspexit
588 2833 627 2867 V.
702 2837 746 2867 30
774 2835 939 2868 sanctam
965 2846 1058 2878 quae
1089 2834 1139 2876 P,
1173 2836 1411 2877 sanctamque
1448 2844 1479 2866 v.
1560 2836 1601 2865 31
1630 2831 1683 2866 nil
1720 2832 1753 2865 V

196 2893 290 2928 nihil
317 2892 426 2937 1²11’9.
501 2897 546 2927 34
572 2892 807 2937 postolarunt
834 2892 950 2937 PRy,
976 2892 1210 2938 popularium
1246 2892 1285 2927 V.
1360 2897 1403 2927 36
1431 2902 1564 2935 magna
1589 2890 1748 2926 insolen—

196 2955 272 2987 tem
300 2951 340 2985 V.
391 2950 551 2996 suspicio
578 2951 624 2993 B,
651 2950 805 2995 suspitio
834 2950 866 2983 V
888 2954 927 2985 ut
953 2952 1023 2986 vicl.

262 3011 390 3036 Phaedri
412 3011 544 3043 fabulae,
570 3011 613 3036 ed.
635 3011 666 3036 L.
682 3011 849 3036 >It-smum.
1444 3014 1464 3043 3
