2028 3310
604 191 987 227 COMMENTARIVS
1015 192 1064 227 lN
1091 186 1370 226 PHAEDRVM.
1683 194 1765 235 103

334 300 402 354 25,
430 300 452 340 7
486 300 696 350 mercede&
729 299 779 341 cf.
811 299 884 342 lib.
915 300 966 342 de
999 299 1074 340 Ph.
1107 303 1149 341 et
1180 299 1259 342 Av.
1291 300 1374 341 fab.
1406 313 1477 354 pg.
1504 301 1571 341 25.

333 370 404 424 27,
429 371 455 411 6
486 374 649 412 sanetae
679 370 905 424 Religle'oni;
947 369 1199 425 religionem
1237 369 1347 412 inter
1380 370 1480 411 deos
1514 385 1538 410 a
1570 369 1763 412 Phaedro

214 441 428 482 numerari
461 444 566 495 puto
599 441 651 482 ad
684 441 925 494 exemplum
946 440 1136 482 locorum
1151 439 1498 495 Vergilianorum
1531 440 1668 494 qualis
1701 444 1765 482 est

213 510 287 552 1116
314 511 424 566 (aen.
444 510 524 564 III,
545 511 631 553 362
647 509 757 566 sqq.)
790 511 922 553 onmis
946 524 1109 552 eursu-m
1140 511 1243 552 mileo·
1264 525 1464 564 prospera
1489 511 1595 552 dixit
1626 511 1764 564 rele'ffl'o

212 583 250 621 et
280 581 413 622 cuncti
442 584 661 622 suaserunt
689 581 858 622 numine
888 581 973 622 dim?
1004 580 1177 622 Italiam
1202 585 1344 634 petere.

331 650 399 704 28,
429 650 481 691 10
512 651 662 691 (Iamno
686 651 922 704 momentis,-
957 650 1006 691 cf.
1039 653 1186 692 notam
1219 650 1399 693 Bentlei.

331 720 399 771 29,
427 721 452 762 3
486 720 536 762 cf.
569 720 639 762 lib.
674 721 724 762 de
756 720 833 761 Ph.
867 723 909 762 et
941 720 1019 762 Av.
1052 720 1136 762 fab.
1169 733 1238 774 pg.
1267 721 1333 761 25.

330 791 398 845 30,
430 791 453 832 7
486 805 554 841 αα·
588 791 648 832 sic
680 791 794 844 libri,
826 791 899 832 sed
931 791 1001 832 vix
1034 794 1160 845 recte,
1192 805 1287 832 cum
1320 791 1426 833 alias
1461 806 1526 846 ap.
1553 791 1630 833 Ph.
1663 792 1765 834 haec

213 863 322 915 part.
354 876 440 903 non
471 861 713 904 inveniat-ur
745 864 916 915 praeter
948 861 1054 903 illud
1085 861 1212 903 simul
1242 875 1299 902 ac.

330 932 398 986 31,
425 932 452 974 2
483 933 662 983 auxilia,
693 947 779 974 non
809 932 1015 974 auxilianti
1048 931 1142 986 lege
1175 931 1424 986 euphoniae.

331 1002 398 1057 31,
429 1002 479 1043 13
511 1003 558 1044 de
589 1002 774 1052 relicui&
808 1001 860 1043 cf.
892 1002 928 1043 d.
962 1017 993 1043 r.
1026 1016 1081 1042 m.
1115 1002 1212 1043 361.

866 1130 1018 1172 Liber
1055 1131 1114 1172 II.

330 1213 454 1255 Auct.
480 1214 499 1254 1
536 1214 687 1267 Aesopi
714 1227 862 1267 yem‹s,·
896 1213 946 1255 cf.
979 1213 1052 1254 lib.
1084 1213 1134 1254 de
1155 1213 1230 1255 Ph.
1253 1217 1295 1255 et
1316 1213 1393 1255 Av.
1413 1214 1498 1256 fab.
1518 1228 1588 1269 pg.
1609 1216 1676 1266 26,
1699 1217 1765 1258 27.

329 1285 368 1335 2,
394 1285 422 1326 4
452 1298 584 1327 cennos
620 1284 753 1326 cela-ns
789 1284 1005 1337 elevantia,
1055 1283 1079 1324 i.
1108 1298 1140 1324 e.
1175 1285 1320 1326 »eunde
1357 1299 1520 1338 corpore
1557 1287 1677 1340 culto,
1718 1292 1766 1328 ut

212 1355 273 1396 ait
305 1354 428 1397 Lucr.
459 1354 533 1409 IV,
563 1355 686 1396 1281.

329 1425 366 1479 3,
393 1426 420 1466 2
444 1439 597 1478 panem
629 1426 741 1467 misit
773 1424 951 1477 mcdfeco,·
985 1424 1047 1465 ita.
1080 1428 1192 1466 recte
1224 1425 1358 1479 docti,
1390 1429 1436 1466 ut
1468 1426 1501 1481 Ι,
1527 1427 1594 1480 23,
1621 1427 1658 1468 3.

328 1497 355 1537 4
388 1495 439 1537 ad
472 1510 521 1537 ea
554 1510 662 1550 quae
682 1494 876 1536 Hehnius
909 1498 1055 1536 noster
1088 1495 1138 1536 de
1170 1495 1326 1537 felibus
1354 1496 1556 1538 disseruit
1587 1497 1630 1538 in
1653 1497 1764 1540 libro

211 1566 506 1620 celeberrimo,
548 1581 630 1621 quo
674 1566 766 1621 agit
798 1565 849 1607 (16
881 1565 1031 1607 bestiis
1071 1568 1114 1607 et
1150 1565 1348 1621 frugibus
1388 1568 1540 1622 quibus
1580 1569 1763 1610 maxime

209 1637 395 1679 insuevit
434 1651 566 1692 genus
605 1637 856 1690 humanum,
901 1649 1001 1691 pgg.
1028 1636 1261 1678 398—406
1294 1637 1356 1679 ed.
1382 1637 1425 1679 II
1470 1638 1582 1680 haud
1621 1639 1764 1693 inepte

210 1707 357 1749 videor
387 1707 493 1748 mihi
527 1707 710 1759 adicere,
743 1707 787 1749 in
818 1707 886 1749 his
919 1707 1078 1749 fabulis
1100 1707 1309 1763 Aesopeis
1343 1709 1448 1751 feles
1483 1724 1649 1764 semper
1682 1710 1764 1751 dici

210 1778 517 1819 immansuetas
550 1781 592 1819 et
624 1778 676 1820 ab
710 1777 931 1819 hominum
963 1778 1132 1819 sedibus
1160 1778 1333 1820 alienas.
1382 1794 1519 1834 neque
1539 1780 1764 1834 indignum

210 1848 435 1900 memoria,
467 1848 512 1888 111
545 1848 693 1890 fabula
724 1848 774 1890 de
795 1863 914 1890 mure
938 1848 1099 1889 rustico
1130 1852 1173 1890 et
1193 1849 1356 1891 urbano
1384 1864 1408 1890 a
1429 1850 1763 1904 syllWVissemb.

209 1919 360 1961 abesse
380 1919 458 1960 illa
479 1918 633 1972 ‘captus
651 1933 677 1960 a·
696 1922 799 1961 catto
818 1918 1059 1972 comederis’,
1092 1933 1199 1974 quae
1220 1920 1356 1974 reperi
1364 1924 1490 1962 untur
1513 1921 1623 1975 apud
1642 1921 1763 1964 Rom.

328 1990 366 2042 4,
394 1990 419 2031 3
453 1990 628 2032 nemoris
658 1990 827 2039 (tumim
879 1989 993 2031 docti
1034 1990 1356 2044 nemo›·c‘cultre·.v,
1394 1994 1441 2032 ut
1472 1991 1583 2046 apud
1617 1990 1762 2034 Cat-ul-

210 2060 297 2101 lum
343 2062 407 2101 est
452 2060 707 2102 silvicullrelr.
787 2060 873 2102 tale
917 2063 1060 2102 tamen
1103 2061 1279 2102 verbum
1324 2060 1476 2103 harum
1520 2061 1762 2104 fabularum

210 2131 398 2172 tenuitas
430 2145 516 2172 non
549 2131 720 2186 recipit3
763 2146 899 2185 neque
940 2131 1123 2172 sustinui
1162 2131 1205 2172 in
1239 2132 1469 2186 appendice
1501 2131 1654 2187 (26,1)
1695 2132 1763 2174 ad-

210 2201 380 2243 mittere
427 2201 533 2243 illud
575 2202 776 2255 celeripes,
828 2202 939 2256 quod
984 2217 1070 2243 non
1113 2202 1253 2256 magis
1303 2206 1540 2257 agnoscunt
1584 2203 1762 2245 codices.

209 2274 360 2313 cont-ra
391 2273 501 2326 apud
534 2270 689 2326 Syrum
723 2272 765 2313 in
798 2272 1005 2326 versibus,
1038 2272 1193 2327 quibus
1214 2272 1396 2315 maiores
1423 2274 1554 2315 sumit
1574 2274 1762 2328 spiritus,

209 2342 300 2384 sine
333 2342 566 2384 offensione
598 2343 776 2397 legitur:

539 2412 850 2467 pietaticultrix
884 2414 1112 2468 gracilipes
1146 2414 1420 2456 crotalistria.

327 2482 354 2524 ὃ
386 2483 511 2525 inser.
543 2484 637 2525 item
669 2483 819 2526 Caesar
856 2485 912 2526 ad
950 2485 1176 2527 atriensem.
1239 2484 1453 2526 verissimi
1486 2483 1602 2525 fuere
1635 2484 1762 2537 docti,

210 2554 281 2609 qui
314 2553 442 2595 aliam
474 2553 524 2594 de
556 2552 729 2595 Tiberio
768 2555 1055 2596 narrationem
1094 2554 1193 2596 huic
1231 2567 1531 2609 praegressam
1570 2555 1761 2608 proxime

209 2627 467 2678 statuerent,
509 2624 621 2666 solet
654 2624 766 2666 enim
798 2625 842 2666 111
874 2625 1014 2667 titulis
1054 2625 1261 2666 librorum
1294 2624 1486 2666 adhiberi
1519 2624 1624 2665 illud
1656 2625 1762 2679 ilem,

210 2695 377 2750 quando
398 2695 448 2736 de
469 2694 615 2736 eadem
635 2709 819 2749 persona
832 2695 1032 2737 eademve
1048 2710 1091 2736 re
1114 2695 1228 2736 aliud
1249 2695 1522 2749 subiungitur
1535 2695 1762 2748 prioribus.

327 2766 366 2816 5,
397 2768 414 2807 1
450 2766 734 2815 ardalionunu
784 2767 944 2808 ardalio
983 2766 1133 2807 melius
1176 2765 1377 2807 scribitur
1421 2780 1547 2819 quani
1585 2765 1759 2807 ardalio.-

208 2836 396 2878 hardalio
428 2837 586 2891 legitur
617 2849 687 2891 pg.
706 2837 785 2878 118
807 2840 1101 2891 excerptorum
1123 2851 1170 2877 ex
1193 2835 1392 2878 Martiale
1412 2835 1760 2890 Frisingensium.

327 2907 366 2957 5,
392 2907 419 2948 4
450 2907 528 2949 sibe·
560 2907 723 2948 molesta.
754 2910 792 2947 et
820 2907 917 2948 aliis
947 2907 1224 2955 odiosissima,·
1258 2906 1461 2948 omissum
1489 2906 1608 2960 prius
1634 2910 1680 2956 et,
1712 2910 1761 2947 ut
