2028 3310
279 204 333 246 76
690 172 695 176 ·
782 203 995 238 PHAEDRI
1021 201 1322 236 FABVLARVM

489 312 527 354 A
561 327 643 367 quo
676 310 825 352 revelli
856 309 974 350 nullo
1006 323 1102 350 cum
1133 311 1280 363 posset
1310 309 1435 350 modo

488 383 546 424 Et
576 382 621 423 in
653 380 878 435 sepulchro
909 380 1062 433 lugens
1093 379 1228 420 vitam
1261 379 1448 433 degeret,

489 453 660 495 Claram
692 453 932 493 assecutast
961 451 1122 492 famam
1154 449 1532 502 castaepmulieris.
1805 459 1825 489 5

487 522 656 564 Interea
686 521 835 563 fanum
869 522 942 576 qui
973 521 1245 575 conpilarant
1275 519 1403 574 Iovis,

489 591 614 634 Cruci
646 592 790 634 suffixi
821 592 992 634 luerunt
1022 605 1181 646 poenas
1213 591 1390 632 numini.

489 663 655 705 Horum
686 663 891 718 reliquias
923 662 1074 717 nequis
1106 664 1254 716 posset
1283 662 1449 716 tollere,

489 733 697 776 Custodes
729 734 884 775 dantur
915 733 1076 774 milites
1109 732 1363 773 cadaverum

489 803 814 846 Monumentum
846 804 977 857 iuxta,
1009 802 1164 844 mulier
1197 817 1279 856 quo
1313 817 1357 843 se
1388 802 1633 843 incluserat.
1787 799 1828 841 io

489 874 732 930 Aliquando
765 875 912 916 sitiens
944 888 1053 914 unus
1085 873 1135 914 de
1168 873 1418 914 custodibus

490 945 660 1000 Aquam
691 945 865 1001 rogavit
897 944 1037 985 media
1067 946 1193 985 nocte
1227 943 1488 996 ancillulam,

490 1017 607 1065 Quae
639 1017 751 1057 forte
785 1016 981 1057 dominae
1014 1018 1115 1056 tunc
1148 1014 1385 1056 adsistebat
1417 1029 1518 1056 suae

491 1087 735 1129 Dormitum
768 1085 903 1139 eunti3
935 1100 1120 1140 namque
1152 1085 1454 1127 lucubraverat

490 1158 549 1199 Et
581 1172 713 1212 usque
745 1158 789 1198 in
821 1172 963 1198 serum
994 1156 1166 1211 vigilias
1199 1155 1471 1210 produxerat.
1781 1164 1830 1195 ·15

490 1228 672 1270 Paulum
704 1228 881 1268 reclusis
913 1227 1077 1268 foribus
1110 1226 1232 1268 miles
1265 1226 1474 1280 prospicit

490 1299 704 1353 Videtque
730 1301 774 1339 et
800 1311 976 1353 aegram
1003 1300 1046 1338 et
1071 1296 1178 1338 facie
1204 1296 1383 1351 pulchra
1407 1297 1627 1338 feminam.

491 1369 723 1424 Correptus
757 1368 924 1410 animus
956 1368 1056 1409 ilico
1089 1367 1359 1410 succenditur

492 1441 721 1495 Oriturque
754 1454 903 1482 sensus
935 1439 1174 1494 inpotentis
1207 1439 1431 1493 cupiditas.

493 1511 651 1553 Sollers
685 1525 861 1552 acumen
893 1510 1011 1551 mille
1045 1524 1193 1551 causas
1226 1509 1403 1563 invenit,
1787 1520 1832 1550 20

490 1582 573 1623 Per
604 1597 709 1636 quas
742 1581 884 1622 videre
916 1582 1062 1635 posset
1093 1579 1263 1621 viduam
1296 1578 1479 1634 saepius.

492 1652 721 1695 Cotidiana
753 1655 879 1706 capta
911 1650 1216 1692 consuetudine

491 1723 709 1765 Paulatim
741 1723 901 1763 factast
933 1722 1120 1763 advenae
1153 1720 1425 1775 submissior3

489 1793 591 1836 Mox
624 1793 783 1835 artiore
815 1793 952 1834 vinxit
985 1792 1175 1834 animum
1208 1792 1374 1846 copula.

490 1865 572 1907 Hic
604 1865 704 1906 dum
737 1864 950 1906 consumit
981 1865 1129 1905 noctes
1162 1865 1305 1904 custos
1338 1863 1535 1918 diligens,
1789 1874 1832 1905 25

491 1936 837 1978 Desideratumst
870 1949 1022 1988 corpus
1056 1949 1104 1974 ex
1136 1948 1221 1974 una
1253 1947 1385 1974 cruce.

492 2007 708 2048 Turbatus
741 2006 865 2047 miles
898 2006 1059 2047 factum
1093 2004 1269 2058 exponit
1301 2004 1482 2045 mulieri.

494 2078 552 2118 At
582 2079 731 2119 sancta
764 2077 936 2118 mulier:
968 2090 1056 2117 nou
1087 2078 1153 2116 est
1177 2075 1297 2130 'quod
1328 2075 1494 2125 timeas,
1528 2075 1601 2129 ait,

494 2148 670 2202 Virique
704 2162 856 2202 corpus
888 2147 1022 2188 tradit
1053 2146 1269 2201 figendum
1302 2146 1428 2199 cruci,

491 2218 556 2260 Ne
590 2218 742 2260 subeat
773 2219 846 2259 ille
879 2232 1038 2273 poenas
1070 2211 1382 2271 neglegentiae.
1787 2228 1832 2259 30

494 2289 565 2331 Sic
595 2289 818 2343 turpitudo
851 2289 989 2331 laudis
1022 2287 1190 2330 obsedit
1221 2287 1373 2329 locum.

282 2529 301 2559 4
330 2525 523 2569 sepulchro
544 2525 570 2568 (l
591 2535 634 2559 em
654 2536 671 2558 r
689 2525 840 2569 factum)
863 2524 902 2558 V.
953 2524 976 2558 l.
998 2536 1029 2558 v,
1052 2524 1085 2558 d.
1106 2523 1156 2560 N.
1183 2535 1216 2557 v.
1237 2489 1375 2568 dlegens
1396 2522 1429 2556 d.
1443 2522 1488 2557 V.
1555 2526 1576 2556 5
1596 2520 1760 2556 mulieris
1777 2522 1834 2565 M,

281 2582 435 2629 virginis
454 2594 484 2618 v.
537 2587 580 2617 14
595 2595 678 2618 nam
695 2584 735 2618 ut
744 2583 784 2618 V.
838 2587 878 2617 15
892 2581 1052 2627 vigilans
1063 2582 1102 2616 Γ.
1147 2581 1374 2627 produxerat
1386 2581 1504 2622 Both„
1518 2580 1741 2625 perduxerat
1754 2581 1833 2616 cdd.

285 2646 324 2676 17
346 2643 384 2677 et
402 2642 485 2677 add.
507 2642 561 2676 M.
633 2648 674 2677 18
695 2643 886 2687 correptus
910 2641 972 2683 M,
998 2643 1191 2685 corruptus
1218 2641 1295 2675 cdd.
1346 2639 1446 2675 illico
1470 2639 1510 2674 V.
1581 2644 1623 2674 19
1643 2639 1833 2684 oriturque

288 2701 545 2738 Froehlichius.
573 2700 762 2745 uriturqnc
779 2701 819 2736 V.
870 2702 1199 2745 sensus(scns1uuu
1215 2700 1374 2742 Frochl.)
1396 2698 1598 2744 inpotentis
1616 2698 1672 2740 M,
1697 2697 1834 2733 sensim

282 2759 507 2804 impudentis
526 2759 563 2794 V.
615 2764 659 2794 20
686 2760 801 2795 solers
824 2759 863 2795 V.
914 2770 1042 2794 causas
1071 2759 1130 2795 id..
1153 2762 1190 2792 nt
1209 2770 1315 2803 semp.
1372 2762 1415 2792 ‘21
1439 2759 1564 2802 posset
1586 2757 1626 2800 V,
1651 2757 1771 2803 possit
1784 2757 1832 2792 Ν.

283 2817 430 2852 viduam
457 2819 563 2860 docti,
591 2818 686 2853 viam
717 2819 756 2860 V,
784 2847 791 2853 .
813 2847 822 2854 .
843 2847 849 2853 .
871 2830 930 2853 um
957 2819 1005 2852 N.
1088 2822 1132 2852 22
1159 2817 1376 2862 quotidiana
1409 2816 1449 2851 1⁷.
1534 2821 1578 2851 23
1606 2815 1835 2851 summissior

292 2876 330 2910 V.
399 2881 443 2910 24
469 2877 626 2912 arctiore
654 2878 691 2911 V.
780 2883 823 2912 :35
851 2877 1108 2922 ‹lc—syderatum
1132 2877 1170 2910 Γ.
1255 2881 1299 2911 28
1326 2876 1458 2910 mulier
1483 2877 1620 2918 sancta,
1658 2874 1718 2909 sed
1743 2885 1833 2910 corr.

282 2947 325 2973 m.
353 2936 428 2970 ead.
460 2935 510 2979 V„
536 2947 562 2971 s.
591 2949 638 2971 m.
664 2937 711 2972 N.
787 2941 831 2972 29
858 2935 1022 2982 corporis
1052 2936 1091 2979 V,
1118 2947 1192 2971 non
1217 2935 1266 2971 N.
1339 2939 1385 2970 30
1409 2933 1658 2982 negligentiae
1688 2932 1727 2970 V.
