2028 3310
862 177 1008 213 LIBER
1033 179 1096 214 III.
1700 183 1754 222 39

413 286 606 328 Minerva
637 286 864 339 admirans,
897 301 1027 340 quare
1060 287 1228 329 steriles
1262 291 1490 341 sumerent,
1734 301 1754 329 5

413 357 716 411 Interrogavit.
777 355 962 398 Causam
994 356 1100 398 dixit
1132 357 1342 412 Iuppiter:

411 427 631 468 Honorem
661 426 802 467 fructu
835 441 886 467 ne
919 426 1137 468 videamur
1169 428 1358 470 vendere.

412 497 471 538 At
503 497 709 537 mei-cules
741 495 937 537 narrabit
971 496 1082 550 quod
1115 497 1210 551 quis
1244 498 1445 539 voluerit:

411 565 536 607 Oliva
567 566 691 607 nobis
725 569 899 620 propter
929 566 1161 607 fructumst
1192 568 1368 620 gratior.

410 636 528 678 Tunc
555 637 614 678 sic
641 637 816 678 deorum
842 637 984 690 coepit
1011 632 1138 691 a'tque
1165 637 1384 678 hominum
1413 642 1546 680 sator:
1709 651 1751 681 10

410 706 444 748 O
478 710 597 759 nata,
630 708 782 748 merito
816 707 986 761 sapiens
1020 707 1157 748 dicere
1191 708 1408 749 omnibus!

409 775 505 818 Nisi
538 777 687 818 utilest
720 778 831 831 quod
864 778 1064 831 facimus,
1096 778 1274 819 stultast
1304 779 1454 832 gloria.

477 846 552 888 Nil
579 860 707 901 agere
734 847 847 901 quod
873 862 960 888 non
986 847 1123 901 prosit
1148 846 1310 888 fabella
1337 847 1550 890 admonet.

889 952 1050 994 XVIII.

478 1022 641 1066 [PAVO
667 1024 742 1056 AD
768 1023 1035 1056 IVNONEM
1061 1024 1133 1055 DE
1159 1024 1304 1056 VOCE
1333 1024 1466 1068 SVA]

475 1094 590 1135 Pavo
625 1094 677 1135 ad
709 1094 917 1135 Iunonem
948 1094 1066 1135 venit
1101 1093 1272 1148 indigne
1305 1095 1457 1149 ferens,

405 1163 566 1206 Cantus
599 1164 770 1205 luscinii
803 1164 912 1218 quod
945 1164 1029 1204 sibi
1061 1178 1146 1205 non
1178 1165 1397 1216 tribuerit3

403 1234 531 1275 Illum
564 1249 657 1276 esse
689 1235 851 1276 cunctis
884 1234 1034 1275 avibus
1067 1234 1377 1289 admirabilem,

404 1304 457 1346 Se
488 1305 686 1358 derideri,
718 1305 845 1346 simul
877 1319 925 1346 ac
957 1319 1104 1347 vocem
1136 1306 1317 1348 miserit.

403 1375 520 1417 Tunc
553 1376 800 1417 consolandi
833 1376 975 1430 gratia
1008 1375 1115 1416 dixit
1141 1375 1236 1417 dea:
1724 1391 1744 1420 5

407 1445 489 1488 Sed
520 1447 657 1488 forma
688 1446 839 1499 vincis,
871 1446 1006 1488 vincis
1038 1447 1378 1502 magnitudine3‘

401 1516 529 1558 Nitor
562 1517 779 1571 smaragdi
812 1517 923 1558 collo
956 1517 1197 1571 praefulget
1229 1521 1303 1559 tuo

401 1586 617 1641 Pictisque
650 1587 810 1641 plumis
843 1600 1081 1641 gemmeam
1115 1587 1292 1629 caudam
1327 1590 1526 1643 explicas.

401 1657 492 1706 Quo
520 1658 596 1711 mi,
622 1658 778 1712 inquit,
805 1658 934 1699 istam
961 1658 1163 1712 speciem,
1190 1659 1226 1700 si
1252 1659 1398 1701 vincor
1427 1664 1562 1702 sono?

401 1728 605 1770 Fatorum
638 1729 816 1770 arbitrio
849 1732 992 1783 partes
1025 1731 1124 1769 sunt
1156 1730 1278 1771 vobis
1311 1730 1453 1772 datae:
1702 1746 1742 1774 10

400 1799 495 1840 Tibi
528 1800 683 1852 forma,
716 1799 827 1841 vires
861 1799 1043 1853 aquilae,
1075 1799 1257 1841 luscinio
1292 1801 1443 1855 melos,

399 1869 642 1924 Augurium
674 1883 817 1922 corvo,
848 1869 969 1910 laeva
1000 1870 1159 1911 cornici
1192 1870 1348 1912 omina.

400 1941 640 1994 Omnesque
672 1939 859 1993 propriis
892 1941 990 1980 sunt
1023 1943 1246 1982 contentae
1278 1941 1462 1982 dotibus.

470 2009 571 2051 Noli
604 2010 816 2051 adfectare
849 2009 961 2064 quod
994 2010 1074 2051 tibi
1106 2025 1192 2051 non
1225 2015 1290 2052 est
1322 2011 1481 2065 datum,

399 2080 559 2121 Delusa
591 2095 643 2121 ne
677 2095 772 2134 spes
805 2081 857 2121 ad
889 2082 1104 2135 querelam
1136 2081 1331 2123 reccidat.
1698 2096 1739 2124 15

186 2201 206 2232 5
234 2197 434 2232 ammirans
469 2197 569 2239 PR,
607 2208 679 2232 non
706 2196 746 2232 V.
816 2196 952 2231 sterilis
986 2197 1026 2231 V.
1119 2201 1139 2231 6
1166 2197 1332 2242 Iuppiter
1368 2198 1456 2234 PR.
1550 2203 1568 2233 7
1601 2199 1739 2234 honore

185 2256 346 2290 fructum
374 2255 468 2297 PR,
498 2266 571 2289 non
594 2254 632 2290 Γ.
708 2258 729 2290 8
754 2255 935 2290 mercules
963 2255 1026 2297 ΠΙ,
1057 2267 1116 2290 me
1141 2256 1310 2291 hercules
1340 2257 1379 2300 1⁷,
1411 2257 1621 2292 mehercule
1650 2258 1736 2293 PR.

184 2313 351 2349 narrabit
371 2325 411 2358 p,
448 2313 611 2348 narravit
639 2313 738 2349 PR·
794 2313 916 2358 inquit
941 2325 1012 2358 pro
1045 2314 1211 2349 narrabit
1244 2315 1283 2349 Γ.
1358 2315 1512 2360 quisque
1539 2317 1642 2351 idem.

185 2377 206 2407 9
232 2373 392 2407 fructum
418 2383 460 2408 m.
486 2383 552 2406 sec.
573 2372 620 2414 R,
656 2371 798 2407 fructus
826 2373 872 2415 P,
908 2373 944 2406 R
969 2384 1013 2407 m.
1029 2384 1108 2417 pr„
1137 2373 1175 2407 Γ.
1252 2378 1294 2408 10
1320 2375 1399 2408 tum
1428 2375 1467 2409 Γ.
1530 2375 1653 2420 coepit
1679 2376 1740 2410 ΙΙΙ.

184 2431 353 2477 gentium
376 2431 464 2474 PR,
490 2429 635 2476 genitor
651 2430 690 2466 V.
767 2435 809 2466 13
835 2442 901 2466 om.
919 2431 959 2466 Γ.
1008 2430 1103 2466 nihil
1129 2433 1207 2466 cdd.
1257 2434 1447 2468 ammonet
1466 2433 1518 2476 R,
1544 2437 1671 2469 monet
1692 2435 1735 2470 P.

279 2489 416 2533 XVIII,
445 2494 460 2524 1
489 2501 524 2534 p.
551 2490 727 2524 Iunonem
753 2489 926 2524 convenit
942 2490 981 2524 V.
1057 2494 1076 2524 2
1103 2489 1237 2525 luscini
1255 2491 1303 2533 R,
1329 2491 1539 2527 luscinie1‘'.
1590 2497 1609 2527 3
1631 2492 1736 2526 illum

184 2550 291 2584 etiam
327 2548 367 2583 Γ.
448 2548 577 2582 avibus
613 2548 652 2591 1⁷,
686 2548 836 2583 auribus
870 2549 957 2582 PR.
1043 2548 1314 2583 ammirabilem
1343 2549 1438 2592 PR,
1478 2561 1549 2585 non
1580 2550 1617 2585 1⁷.

185 2612 207 2642 4
233 2607 405 2642 simulato
430 2618 559 2642 vocem
575 2607 613 2641 Γ.
689 2611 709 2641 5
736 2606 894 2652 gratiam
921 2607 1098 2652 (graciam
1115 2608 1165 2651 P)
1188 2607 1264 2641 PR
1288 2609 1348 2642 secl
1374 2609 1413 2642 in
1440 2611 1588 2653 utroque
1607 2620 1643 2642 m
1669 2609 1734 2643 del.

184 2678 228 2701 m.
253 2677 330 2710 sec..
356 2665 477 2711 gratia
511 2665 550 2699 Γ.
600 2664 705 2698 duxit
729 2664 798 2709 Rq.
895 2669 915 2699 6
943 2677 968 2699 s.
996 2665 1019 2700 f.
1045 2667 1086 2699 tu
1112 2664 1228 2699 vincis
1253 2668 1289 2699 et
1315 2677 1361 2699 m.
1391 2665 1429 2700 V.
1506 2670 1524 2700 7
1551 2667 1736 2712 smaragdi

182 2725 275 2760 BV.
350 2729 370 2759 9
397 2735 461 2759 cur
488 2723 527 2758 Γ.
583 2722 676 2757 mihi
703 2722 829 2767 PRV,
866 2723 918 2758 mi
939 2735 978 2768 p.
1041 2723 1152 2758 istam
1180 2724 1235 2766 M,
1274 2725 1415 2758 mutam
1445 2724 1531 2758 ΡΙ).
1594 2727 1732 2760 mutam

183 2783 299 2819 om.V.
348 2783 488 2828 species
514 2783 562 2816 id.
591 2799 595 2801 -
628 2786 670 2815 10
695 2783 780 2816 sunt
799 2781 904 2817 vobis
924 2782 1080 2817 etiaml'.
1151 2787 1190 2816 11
1220 2781 1396 2816 lusciniae
1414 2782 1452 2816 1⁷.
1503 2782 1606 2818 nelos
1631 2784 1732 2820 idem.

187 2846 228 2877 12
254 2841 405 2877 homina
432 2841 509 2875 PR
534 2853 578 2875 m.
602 2852 677 2885 pr„
713 2839 838 2875 omnia
864 2841 903 2877 V.
994 2845 1034 2876 13
1061 2840 1200 2886 propiis
1230 2841 1272 2874 P.
1332 2840 1479 2876 dotibus
1511 2841 1550 2884 1’,
1582 2842 1733 2877 vocibus

187 2901 273 2937 PR.
344 2905 385 2936 15
412 2900 578 2935 delusam
600 2899 641 2943 V,
669 2910 740 2934 non
753 2899 802 2934 N.
854 2899 1017 2935 reccidat
1043 2899 1079 2934 P
1099 2910 1143 2934 m.
1152 2910 1225 2944 pr„
1250 2898 1391 2934 recidat
1411 2899 1448 2934 P
1464 2911 1507 2935 m.
1522 2911 1600 2944 sec„
1624 2900 1673 2944 R,
1692 2901 1731 2937 V.
