2028 3310
599 234 660 269 DE
687 234 897 268 PHAEDRI
925 233 1038 267 VITA
1066 232 1127 266 ET
1154 231 1375 267 SCRIPTIS.
1716 231 1761 264 ΙΧ

215 344 326 398 quod
370 342 482 384 haud
528 356 625 384 raro
675 355 827 396 graeca
876 339 1084 381 vocabula
1128 339 1340 391 adhibuit,
1396 338 1638 379 fabularum
1688 352 1764 391 per

216 415 390 456 humum
421 412 660 467 repentium
695 410 762 465 (ut
781 410 954 452 Horatii
986 410 1127 451 verbis
1160 408 1275 465 utar)
1308 409 1572 464 proprietate
1593 410 1636 448 et
1656 422 1764 448 com-

216 485 354 526 munis
398 484 513 524 vitae
556 496 632 523 usu
678 480 783 522 satis
822 482 1058 521 excusatur.
1130 478 1237 521 Sunt
1276 483 1318 521 et
1355 480 1439 521 alia
1477 478 1682 533 quaedam
1721 477 1765 518 in

216 555 388 609 scriptis
429 553 518 594 eius
557 565 664 606 quae
703 550 962 592 comicorum
1000 549 1067 591 vel
1107 550 1378 591 satiricorum
1421 549 1586 591 dicendi
1631 561 1764 602 genus

214 625 414 666 referant.
464 623 600 664 Valde
634 621 804 663 excellit
842 621 968 662 metri
1005 620 1179 674 peritia,
1221 623 1269 660 ut
1307 623 1451 661 tamen
1489 633 1635 660 versus
1675 618 1764 659 eius

216 694 356 737 studio
388 693 661 748 potissimum
694 694 737 733 et
756 691 917 745 labore,
947 705 1033 732 non
1053 690 1228 745 perinde
1250 691 1396 731 nativo
1418 689 1600 743 quodem
1620 688 1765 742 lepore

216 764 359 820 (quem
392 764 552 805 sentias
585 763 723 816 magis
756 776 883 816 quam
909 759 1142 815 describas)
1181 762 1399 815 praestare
1432 761 1648 813 appareat.
1704 757 1767 799 De

217 835 370 890 quibus
402 834 488 876 iam
520 835 765 887 exponetur.

848 900 1134 943 Summarium

711 973 816 1015 artis
850 972 1052 1014 metricae
1084 972 1278 1013 Phaedri.

335 1046 392 1087 Vt
426 1045 635 1098 Terentii,
680 1045 739 1086 ita
774 1043 956 1085 Phaedri
1001 1046 1136 1085 artem
1175 1044 1397 1085 metricam
1438 1043 1600 1097 primus
1639 1042 1769 1082 intro-

218 1117 358 1172 spexit
390 1115 622 1168 Bentleius,
654 1115 697 1155 in
730 1129 856 1168 quam
888 1116 1033 1155 tamen
1066 1114 1156 1167 ipse
1188 1116 1379 1167 peccavit
1405 1113 1637 1165 interdum,
1680 1111 1768 1152 sive

217 1187 492 1229 festinatione
523 1185 654 1227 nimia
688 1199 854 1239 operae,
887 1185 975 1226 sive
1008 1184 1120 1238 quod
1150 1198 1275 1225 sensu
1296 1183 1434 1238 magis
1457 1197 1583 1237 quam
1603 1182 1770 1223 ratione

217 1259 335 1313 leges
368 1271 565 1299 versuum
598 1259 858 1310 perceperat.
921 1255 984 1296 De
1024 1255 1170 1296 eadem
1208 1269 1302 1295 cum
1341 1269 1438 1295 cura
1472 1253 1689 1307 quaeritur
1728 1252 1771 1293 in

218 1328 424 1382 opusculo
458 1326 524 1368 cui
556 1326 809 1380 inscriptum
842 1328 906 1366 est
939 1325 1004 1366 ‘de
1023 1324 1177 1366 Lucilii
1199 1323 1491 1378 Varronisque
1525 1327 1567 1365 et
1588 1322 1771 1364 Phaedri

218 1397 372 1439 iambis
412 1411 460 1453 ac
497 1396 711 1438 trochaeis
750 1395 942 1437 Italicis'.
1005 1394 1204 1436 Ceterum
1243 1397 1362 1436 tanta
1402 1394 1629 1448 diligentia
1670 1408 1771 1434 usus

219 1472 283 1509 est
320 1467 363 1508 in
401 1467 594 1508 versibus
634 1466 871 1520 pangendis
910 1465 1148 1517 Phaedrus,
1192 1468 1239 1505 ut
1283 1479 1357 1518 per
1403 1479 1536 1505 anuos
1580 1463 1771 1518 proxime

219 1538 472 1592 praeteritos
512 1551 606 1578 cum
645 1551 740 1578 eum
780 1540 1057 1578 retractarem
1099 1550 1230 1576 novas
1263 1535 1469 1590 quasdam
1508 1535 1596 1576 eius
1630 1535 1771 1575 obser-

219 1608 385 1650 vantias
417 1608 666 1661 detexerim,
698 1608 882 1648 maxime
915 1607 1026 1648 circa
1060 1606 1260 1648 elisiones
1295 1608 1337 1647 et
1368 1605 1604 1660 rhythmos.

338 1678 554 1720 Phaedrus
587 1681 634 1720 ut
666 1679 842 1732 inpuros
879 1678 1118 1729 trimetros,
1163 1691 1249 1718 non
1287 1691 1358 1717 eos
1398 1676 1470 1730 qui
1509 1675 1773 1730 tragicorum

220 1749 418 1805 Augusto
453 1749 693 1804 aequalium
726 1747 970 1803 Catullique
1004 1762 1050 1790 ac
1083 1747 1281 1789 Bibaculi
1324 1750 1364 1788 et
1398 1746 1569 1788 Horatii
1601 1761 1679 1787 usu
1711 1746 1773 1787 in-

221 1820 489 1874 crebuerant,
522 1820 640 1874 operi
674 1819 914 1872 adhiberet,
947 1819 1207 1860 comicorum
1240 1820 1432 1860 veterum
1457 1817 1660 1859 adductus
1682 1831 1774 1858 esse

219 1894 365 1944 potest
396 1890 530 1932 videri
562 1890 768 1944 exemplo.
817 1889 875 1930 Hi
908 1890 1019 1931 enim
1045 1913 1093 1918 -
1119 1888 1500 1942 grammaticorum
1520 1887 1774 1929 Latinorum

220 1961 391 2014 placitis
425 1961 460 2001 si
493 1960 629 2002 credis
661 1985 718 1989 —
749 1963 797 2001 ut
829 1974 936 2014 quae
969 1960 1203 2014 loquuntur
1242 1961 1413 2013 sumpta
1443 1958 1493 1999 de
1521 1959 1608 1999 vita
1640 1961 1775 2012 putes,

221 2031 375 2072 vitiant
408 2030 597 2072 iambum
629 2031 839 2072 tractibus
872 2030 1124 2085 spondiacis.
1172 2029 1429 2084 Plerumque
1461 2031 1605 2070 tamen
1625 2029 1773 2070 dubito

222 2115 275 2143 an
308 2100 406 2155 Syri
437 2101 583 2154 potius
616 2101 947 2155 sententiarum,
991 2115 1098 2155 quae
1131 2102 1222 2142 tum
1256 2100 1439 2141 maxime
1471 2099 1515 2141 in
1548 2114 1619 2141 ore
1652 2102 1775 2141 erant

222 2172 463 2226 hominum,
505 2171 761 2213 auctoritate
793 2172 1012 2226 inpulsum
1051 2185 1146 2213 eum
1178 2173 1344 2225 putem,
1388 2173 1436 2212 ut
1468 2170 1608 2212 simile
1641 2183 1774 2224 genus

223 2242 348 2283 metri
380 2242 423 2283 in
461 2242 641 2283 materia
677 2241 790 2283 haud
829 2242 890 2283 ita
927 2242 1094 2283 diversa
1132 2241 1365 2283 adhiberet.
1429 2239 1510 2282 Sed
1547 2243 1775 2295 utcumque

222 2328 291 2354 res
323 2312 472 2366 habet,
504 2325 662 2367 magna
694 2315 806 2354 certe
839 2327 933 2353 cum
967 2327 1066 2354 eura
1092 2312 1295 2366 expolitis
1321 2311 1459 2353 utitur
1482 2311 1636 2353 iambis
1663 2311 1776 2352 idem

223 2386 266 2425 et
298 2382 371 2437 qui
403 2398 428 2424 a
459 2382 602 2424 Plauti
635 2386 677 2424 et
710 2382 903 2424 Terentii
934 2383 1107 2437 placitis
1140 2383 1372 2437 plurimum
1405 2382 1616 2423 differant.
1664 2379 1776 2423 Nam

224 2457 265 2495 et
298 2453 378 2494 hoc
417 2453 573 2494 acriter
612 2453 786 2506 vitavit,
830 2468 882 2495 ne
918 2469 1066 2495 versus
1110 2453 1291 2495 nimium
1331 2454 1611 2507 gravarentur
1650 2467 1776 2494 onere

224 2523 520 2578 spondeorum,
551 2538 657 2578 quos
690 2525 844 2566 iambis
877 2525 1057 2579 aliisque
1089 2524 1267 2578 pedibus
1305 2523 1515 2565 immixtis
1547 2522 1777 2576 prudenter

222 2593 498 2648 temperavit,
544 2596 587 2635 et
623 2594 838 2648 insignem
877 2595 990 2636 circa
1027 2594 1250 2636 solvendas
1284 2593 1391 2635 arsis
1433 2592 1500 2634 vel
1532 2591 1668 2633 thesis
1702 2607 1778 2633 nec

225 2665 366 2705 minus
399 2665 512 2706 circa
544 2665 744 2706 elisiones
778 2667 820 2706 et
853 2665 1066 2719 synizeses
1100 2664 1297 2706 adhibuit
1328 2663 1612 2718 diligentiam.

342 2733 493 2789 Itaque
525 2735 707 2789 primum
731 2735 920 2776 omnium
945 2735 1200 2787 notandum,
1231 2733 1472 2775 Phaedrum
1492 2747 1543 2773 ne
1564 2733 1628 2773 vis
1650 2732 1776 2773 metri

226 2805 533 2859 infringeretur
564 2806 761 2847 timuisse
802 2806 867 2847 uti
906 2805 1123 2847 tribracho
1163 2808 1333 2859 praeter
1371 2795 1779 2858 pedessecundum,

225 2876 421 2931 tertium,
463 2880 674 2931 quartum.
749 2877 787 2918 A
820 2892 902 2931 qua
938 2891 1089 2919 norma
1127 2889 1233 2930 quae
1272 2874 1546 2916 inveniuntur
1585 2873 1780 2928 exempla

227 2946 383 3002 aliena,
426 2947 683 3002 paucissima
722 2942 892 3004 qu‘idem
931 2947 1008 2990 illa
1045 2959 1240 3000 numero,
1285 2948 1358 2987 aut
1403 2945 1509 2988 alias
1547 2944 1678 2986 etiam
1723 2944 1777 2985 ob
