2028 3310
287 167 372 203 XVI
961 169 1117 203 OAPVT
1144 170 1190 204 Π.

287 275 463 316 subinde
495 278 685 318 mutatae
718 278 760 316 et
792 275 842 316 ad
874 277 1110 329 marginem
1145 277 1331 332 additae,
1363 278 1493 319 verba
1525 279 1619 332 ipsa
1649 279 1834 322 Phaedri

286 346 500 387 interdum
543 347 711 387 inversa
754 346 944 387 liberius.

402 415 483 457 His
531 415 736 469 expositis
787 415 873 457 iam
924 415 974 458 de
1030 417 1243 459 codicibus
1301 432 1405 472 quos
1455 421 1574 460 aetas
1620 420 1724 460 tulit
1768 424 1834 462 est

286 486 509 540 agendum.

402 555 522 596 Vnus
560 555 764 596 nimirum
799 556 925 598 hodie
963 559 1081 598 extat
1125 558 1235 599 liber
1281 559 1482 613 scriptus,
1527 574 1609 614 quo
1649 560 1834 614 quinque

286 641 429 667 earum
461 626 561 666 libri
593 627 903 681 contineantur,
935 642 1060 682 quem
1080 629 1210 682 vulgo
1231 632 1385 670 vocant
1405 629 1703 683 Pithoeanum,
1735 631 1834 684 quia

285 696 386 736 olim
427 695 511 736 fuit
543 694 662 736 Petri
699 695 886 751 Pithoei,
931 699 1003 752 qui
1040 699 1203 751 primus
1241 699 1372 739 edidit
1413 699 1595 740 Phaedri
1635 701 1834 741 carmina.

284 765 579 806 Membranam
630 782 654 807 a
697 766 923 808 Francisco
967 767 1100 808 fratre
1151 768 1463 810 commodatam
1509 770 1620 823 quod
1663 770 1707 810 in
1751 770 1834 811 fine

285 850 438 889 operae
471 836 574 877 dicit
606 836 929 879 abbreviatione
962 853 1060 879 usus
1092 841 1174 879 vet.
1207 853 1268 880 ex,
1301 837 1407 891 Cat„
1446 839 1614 880 videtur
1645 840 1834 893 indicari,

285 921 333 946 ex
365 907 520 960 oppido
554 909 629 947 aut
660 905 980 961 Catalaunensi,
1020 908 1131 962 quod
1169 908 1294 949 hodie
1326 911 1504 949 vocatur
1536 906 1832 951 Chalcus-sur-

283 975 432 1018 Marne
464 980 539 1018 aut
571 976 823 1020 Catuacensi
856 979 943 1019 sive
975 979 1186 1020 Duacensi
1227 976 1357 1033 (nunc
1389 979 1630 1033 appellatur
1662 979 1834 1035 Douay)

285 1061 377 1087 eam
410 1061 502 1088 esse
534 1047 814 1101 desumptam.
876 1048 955 1089 Vsi
987 1052 1086 1089 sunt
1126 1063 1173 1090 eo
1213 1052 1312 1104 post
1344 1049 1572 1090 Pithoeum
1603 1048 1835 1104 Rigaltius,

282 1115 558 1171 Bongarsius,
590 1117 825 1172 Broterius,
856 1119 1036 1173 denique
1058 1120 1247 1160 omnium
1273 1109 1590 1161 accuratissime
1611 1119 1836 1174 Bergerus.

284 1184 445 1228 Contra
476 1187 588 1243 quod
621 1188 862 1241 suspicatur
873 1187 1073 1242 Orellius,
1104 1189 1149 1229 in
1175 1189 1406 1243 exemplari
1427 1190 1610 1244 quodam
1632 1189 1833 1231 editionis

282 1256 562 1311 Pithoeanae,
606 1259 719 1300 notis
752 1259 1016 1300 diversarum
1055 1273 1256 1301 manuum
1288 1259 1517 1313 instructo,
1563 1259 1675 1314 quod
1717 1262 1835 1301 extat

281 1327 491 1382 hodieque
523 1328 567 1369 in
596 1328 858 1371 bibliotheca
889 1329 1061 1383 publica
1081 1329 1289 1384 Parisina,
1319 1332 1514 1371 notatum
1537 1331 1616 1371 ita:
1648 1329 1688 1371 Y
1708 1330 1835 1383 6562,

282 1397 432 1439 haberi
464 1399 669 1440 lectiones
703 1401 776 1441 aut
808 1414 829 1440 e
848 1399 1087 1442 Pithoeano
1121 1400 1264 1442 codice
1295 1401 1455 1454 petitas
1488 1402 1562 1441 aut
1591 1415 1612 1442 e
1632 1400 1836 1442 Remensi

283 1483 390 1523 quae
421 1469 667 1523 incognitae
701 1472 842 1511 essent
872 1470 1098 1524 hactenuS,
1129 1471 1223 1512 falli
1252 1485 1347 1512 eum
1374 1471 1574 1526 opinione
1595 1471 1719 1512 testis
1741 1485 1836 1512 ocu-

282 1539 394 1580 latus
427 1554 602 1594 possum
635 1555 834 1582 asserere.
895 1540 1018 1582 Nihil
1059 1541 1172 1582 enim
1203 1541 1348 1582 inveni
1380 1542 1425 1582 in
1454 1542 1570 1583 notis
1603 1541 1704 1594 illis,
1737 1555 1838 1595 qua-

281 1625 376 1651 rum
407 1625 508 1665 pars
541 1611 645 1652 satis
678 1611 867 1653 difficilis
907 1614 999 1653 erat
1031 1611 1082 1652 ad
1113 1611 1361 1665 legendum,
1401 1611 1513 1666 quod
1544 1626 1633 1665 non
1664 1611 1835 1652 aliunde

283 1683 396 1722 esset
440 1681 674 1735 cognitum,
718 1684 894 1735 excepto
940 1680 1051 1736 quod
1090 1681 1186 1736 epil.
1218 1680 1352 1735 LIII,
1384 1697 1422 1722 v.
1449 1683 1502 1723 27
1543 1681 1730 1735 ascripta
1772 1684 1837 1722 est

281 1751 409 1792 lectio
443 1751 604 1805 alioqui
642 1750 748 1791 mihi
786 1751 938 1805 ignota
971 1750 1138 1793 ‘tatere'
1172 1766 1266 1793 cum
1297 1754 1401 1793 nota
1433 1751 1502 1805 ‘v',
1544 1766 1628 1806 qua
1665 1751 1835 1805 saepius

281 1822 467 1876 repetita
515 1822 681 1863 videtur
728 1821 960 1874 significari
1011 1821 1141 1863 codex
1185 1821 1367 1862 Pithoei.
1442 1820 1525 1864 Hic
1569 1824 1668 1876 post
1720 1822 1837 1863 varia

270 1892 388 1946 fata,
434 1907 540 1946 quae
585 1891 783 1945 exposuit
826 1891 1040 1945 Bergerus
1085 1891 1130 1932 in
1176 1891 1307 1944 praef.
1351 1905 1451 1946 pgg.
1481 1891 1690 1945 30—42,
1745 1892 1836 1932 iure

282 1962 534 2004 hereditatis
565 1961 762 2016 pervenit
792 1961 837 2002 in
868 1960 1178 2002 bibliothecam
1209 1961 1415 2003 Ludovici
1447 1961 1649 2004 Peleterii
1682 1962 1731 2004 de
1751 1961 1835 2003 Ro-

283 2032 428 2086 sanbo,
459 2032 721 2074 Marchionis
755 2030 931 2084 Gallici3
969 2031 1096 2073 hodie
1130 2033 1269 2073 exstat
1300 2032 1345 2073 in
1376 2031 1556 2073 libraria
1589 2032 1678 2073 eius
1710 2046 1836 2085 nepo-

281 2103 351 2157 tis,
385 2117 492 2158 quae
525 2105 768 2143 asservatur
799 2102 844 2143 in
875 2101 996 2155 villa,
1039 2115 1145 2155 quae
1184 2104 1362 2143 vocatur
1400 2090 1455 2142 du
1487 2100 1661 2155 Mesnil,
1703 2116 1836 2155 prope

283 2173 486 2227 oppidum
519 2172 767 2214 Meduntam
805 2172 919 2213 haud
958 2172 1019 2212 ita
1056 2172 1203 2225 procul
1243 2186 1267 2212 a
1298 2171 1472 2212 Lutetia
1504 2172 1645 2213 situm.
1707 2171 1836 2226 Equi-

282 2244 377 2285 dem
409 2258 503 2284 cum
540 2243 648 2284 1111111
687 2243 903 2297 antiquius
944 2242 1156 2296 ducerem,
1196 2257 1322 2297 quam
1362 2245 1409 2283 ut
1447 2242 1585 2283 denuo
1625 2243 1835 2284 examina·

282 2318 400 2357 retur
437 2315 546 2355 liber
587 2317 677 2355 tam
716 2314 948 2368 pretiosus,
1000 2313 1148 2354 statim
1180 2316 1278 2367 post
1310 2313 1536 2354 adventum
1575 2327 1716 2354 meum
1749 2312 1834 2353 adii

281 2384 479 2427 Lutetiae
512 2387 602 2425 tum
634 2384 746 2425 forte
773 2386 1014 2426 versantem
1034 2383 1327 2425 Marchionem
1348 2383 1398 2425 de
1419 2382 1635 2435 Rosanbo,
1667 2384 1714 2423 ut
1745 2383 1834 2423 eius

284 2455 527 2498 conferendi
565 2454 748 2496 facultas
789 2454 894 2494 mihi
932 2454 1065 2495 fieret.
1139 2454 1220 2503 Qui
1266 2469 1360 2495 cum
1404 2453 1586 2507 primum
1630 2451 1835 2493 facillime

282 2527 479 2582 precibus
518 2526 622 2567 meis
663 2525 960 2578 concessisset,
1012 2525 1364 2579 promisissetque
1407 2523 1552 2578 paucis
1597 2522 1835 2564 interiectis

284 2596 581 2651 hebdomadis,
622 2597 657 2637 si
697 2596 749 2637 ab
790 2596 911 2650 aquis
951 2610 1055 2649 quas
1088 2595 1263 2649 petebat
1294 2592 1594 2637 Normannicis
1627 2591 1836 2645 rediisset,

284 2669 451 2721 copiam
485 2667 590 2709 mihi
622 2666 713 2708 fore.
747 2666 836 2707 eius
870 2666 988 2719 libri,
1028 2669 1178 2719 postea
1210 2666 1420 2720 promisso
1460 2678 1546 2705 non
1580 2663 1723 2716 stetit,
1762 2663 1835 2706 sed

287 2738 414 2778 van-iis
435 2736 864 2791 tergiversationibus
885 2735 1137 2789 impeditum
1160 2735 1355 2788 detinuit,
1386 2734 1517 2774 donec
1539 2736 1706 2787 tempus
1731 2733 1835 2775 mihi

286 2809 453 2849 adesset
482 2807 684 2849 redeundi
717 2807 761 2848 in
794 2806 1005 2848 Rossiam.
1060 2806 1179 2855 Quod
1214 2822 1261 2847 eo
1296 2805 1433 2859 magis
1468 2805 1639 2856 mirum,
1671 2819 1765 2845 enm
1794 2807 1836 2844 ot

285 2879 567 2932 reliquorum,
600 2879 670 2932 qui
692 2877 871 2919 adcundi
900 2877 1004 2917 mihi
1032 2881 1152 2917 crant
1175 2877 1413 2917 studiorum
1436 2891 1580 2929 causa,
1613 2875 1835 2916 Gallorum
