2028 3310
257 173 280 215 7
286 175 312 215 2
608 171 614 177 ·
757 176 971 211 PHAEDRI
996 175 1298 225 FABVLARVM

468 283 605 325 Malos
638 281 802 335 cavete'3
834 283 942 324 nulli
974 282 1153 323 nimium
1186 282 1358 323 credite.
1763 295 1804 325 15

466 353 583 395 Haec
614 354 783 395 elocuta
814 353 1000 394 concidit
1031 353 1154 407 virgo
1186 353 1350 394 furens:

466 423 628 464 Furens
659 424 873 478 profecto,
902 438 1003 464 nam
1035 437 1141 478 quae
1173 423 1282 465 dixit
1312 423 1511 478 perdidit.

688 633 949 678 [AESOPVS
974 564 1371 678 Evilisclzffm034

681 704 752 749 [De
777 704 876 739 malo
903 703 1079 748 scriptore
1106 715 1144 738 se
1169 704 1374 749 laudante]

537 777 708 830 Aesopo
741 776 914 830 quidam
945 776 1106 829 scripta
1136 775 1340 825 recitarat
1371 775 1497 829 mala,

466 847 517 888 In
549 846 642 901 quis
674 846 819 900 inepte
851 845 1035 887 multum
1068 860 1112 886 se
1144 846 1390 887 iactaverat.

468 917 585 960 Scire
618 931 720 971 ergo
754 917 926 970 cupiens
961 916 1164 971 quidnam
1196 916 1378 958 sentiret
1409 931 1549 967 senex,

465 989 684 1044 Numquid
716 988 816 1042 tibi,
847 988 1005 1042 inquit,
1037 987 1154 1028 visus
1188 1002 1281 1028 sum
1314 987 1567 1042 superbior?

466 1059 591 1100 Haud
623 1073 734 1100 vana
763 1058 887 1099 nobis
919 1058 1066 1112 ingeni
1097 1057 1308 1099 fiduci-ast.
1789 1070 1808 1100 5

467 1128 698 1170 Confectus
732 1129 805 1169 ille
837 1129 1024 1183 pessimo
1057 1129 1292 1170 volumine:

466 1200 580 1254 Ego,
610 1199 764 1254 inquit,
796 1199 908 1253 quod
939 1201 981 1240 te
1014 1199 1161 1240 laudas
1194 1202 1412 1240 vementer
1443 1200 1607 1254 probo„

466 1269 663 1324 Namque
696 1269 777 1311 hoc
808 1269 860 1310 ab
895 1269 980 1311 alio
1011 1284 1246 1324 numquam
1278 1270 1502 1325 continget
1532 1270 1626 1312 tibi.

971 1410 1089 1452 VIII.

513 1482 811 1525 [POMPEIVS
837 1483 1073 1516 MAGNVS
1099 1484 1168 1516 ΕΤ
1195 1483 1324 1516 EIVS
1349 1482 1550 1527 MILES.]

649 1552 785 1598 [Quam
811 1552 961 1587 difficile
989 1552 1038 1587 sit
1062 1552 1250 1588 hominem
1275 1552 1411 1598 nosse]

538 1624 686 1680 Magni
719 1624 896 1679 Pompei
928 1625 1053 1666 miles
1085 1625 1196 1666 vasti
1229 1625 1419 1679 corporis

466 1695 618 1736 Fracte
650 1694 863 1749 loquendo
897 1698 940 1736 et
973 1695 1230 1737 ambulando
1264 1696 1457 1737 molliter

465 1765 643 1807 Famam
677 1766 840 1808 cinaedi
871 1769 1065 1808 traxerat
1098 1767 1392 1808 certissimam.

466 1836 550 1878 Hic
581 1836 808 1879 insidiatus
840 1840 965 1879 nocte
998 1837 1199 1878 iumentis
1231 1837 1350 1879 ducis

468 1907 576 1950 Cum
602 1911 720 1949 veste
747 1911 790 1949 et
817 1923 918 1950 auro
947 1911 989 1950 et
1014 1921 1172 1963 magno
1200 1909 1368 1963 argenti
1394 1909 1581 1964 pondere
1791 1922 1810 1952 5

470 1979 641 2020 Avertit
673 1980 825 2021 mulos.
888 1978 1065 2021 Factum
1097 1972 1243 2021 rumor
1275 1979 1474 2035 dissipat3

467 2049 680 2103 Arguitur
713 2050 855 2103 miles,
886 2050 1052 2104 rapitur
1083 2050 1129 2092 in
1161 2038 1438 2105 praetorium.

469 2120 580 2161 Tum
612 2119 812 2174 Magnus:
846 2121 974 2175 quid?
1008 2121 1081 2174 ait,
1113 2124 1214 2162 tune
1247 2136 1327 2175 me,
1359 2123 1610 2173 commilito,

470 2189 664 2245 Spoliare
697 2205 740 2232 es
774 2191 931 2233 ausus?
981 2191 1061 2233 Ille
1094 2192 1295 2233 continuo
1328 2196 1497 2234 excreat

471 2261 561 2303 Sibi
592 2262 638 2302 in
669 2261 890 2302 sinistram
922 2265 966 2303 et
998 2265 1172 2316 sputum
1204 2262 1354 2317 digitis
1387 2263 1581 2318 dissipat.
1771 2275 1813 2308 ιο

471 2333 557 2385 Sic,
590 2332 842 2386 impera-tor,
874 2333 986 2374 oculi
1020 2333 1289 2374 extillescant
1322 2334 1418 2387 mei,

472 2404 516 2444 Si
550 2403 637 2444 vidi
670 2406 744 2444 aut
777 2403 914 2457 tetigi.
976 2403 1085 2445 Tum
1118 2404 1183 2446 vir
1216 2405 1346 2445 animi
1380 2405 1588 2460 simplicis

472 2475 516 2515 ld
549 2473 728 2516 dedecus
762 2477 997 2516 castrorum
1032 2475 1213 2529 propelli
1247 2475 1378 2529 iubet,

471 2545 561 2587 Nec
593 2545 741 2587 cadere
773 2545 816 2587 in
848 2546 969 2587 illum
1003 2547 1137 2588 credit
1169 2550 1337 2589 tantam
1369 2548 1601 2590 audaciam.

355 2674 438 2718 Vll,
466 2679 486 2708 4
514 2675 566 2708 ita
595 2674 651 2710 JI.
678 2686 710 2708 n.
738 2673 760 2708 i.
787 2686 866 2708 sum
895 2675 918 2709 t.
950 2687 979 2710 v.
1009 2687 1085 2720 sup.
1116 2675 1153 2708 1’.
1231 2681 1250 2708 5
1278 2676 1401 2721 ingeni
1432 2677 1488 2715 M,
1514 2676 1652 2722 ingenii
1683 2677 1721 2712 V.

261 2738 279 2768 7
309 2735 497 2768 vementcr
526 2733 591 2773 M,-
617 2734 855 2769 vehementer
883 2734 921 2768 Γ.
1004 2738 1024 2767 S
1052 2747 1238 2779 uunquam
1268 2736 1307 2773 Γ,
1335 2740 1374 2771 ut
1397 2747 1504 2781 semp.

354 2792 457 2836 VIII,
487 2797 502 2827 1
530 2791 697 2837 Pompeii
728 2791 766 2826 Γ.
840 2797 860 2826 3
887 2792 1039 2836 cynaedi
1065 2793 1102 2828 Γ.
1154 2794 1395 2829 certissimam
1413 2795 1460 2837 N,
1486 2797 1517 2829 et
1538 2795 1591 2829 itu
1615 2795 1662 2833 V,-
1686 2796 1747 2831 sed
1772 2797 1812 2830 in

260 2853 324 2886 hnc
345 2853 453 2895 prius
477 2852 599 2894 fuerat
625 2850 839 2886 certissime.
914 2856 935 2886 8
961 2851 1016 2886 ait
1042 2853 1211 2893 Rothius,
1243 2853 1298 2888 ais
1328 2854 1365 2887 Γ.
1440 2858 1460 2888 9
1487 2855 1654 2889 exscreat
1677 2854 1726 2897 N,
1752 2866 1810 2890 ex·

262 2910 379 2946 credit
406 2910 445 2945 V.
524 2914 564 2945 12
590 2911 669 2944 tum
696 2910 745 2953 N,
773 2911 859 2945 tunc
891 2909 927 2945 Γ.
1787 2931 1799 2951 2

2016 2675 2022 2701 .·

2023 2783 2028 2798 ι

2013 2866 2028 2919 'z

2010 2936 2028 2991 ,2

2020 2990 2028 3037 ἔ

2018 3044 2028 3068 1

2018 3088 2028 3122 ἓ
