2028 3310
784 570 1069 617 PHAEDRI

665 687 918 738 [AVGVSTI
950 687 1180 737 LIBERTIJ

268 815 871 880 FABVLARVM
935 767 1577 878 AESOPIARVM

678 953 873 994 LIBER
910 952 1169 994 PRIMVS.

750 1187 1098 1232 [PHAEDRVQ

429 1259 627 1313 Aesopus
661 1262 808 1301 auctor
841 1274 969 1314 quam
1000 1259 1228 1300 mat-eriam
1259 1259 1466 1313 repperit,

358 1330 481 1372 Hanc
515 1343 594 1384 ego
627 1330 761 1384 polivi
793 1331 987 1372 versibus
1021 1331 1212 1371 senariis.

285 1428 289 1431 -
359 1401 526 1454 Duplex
562 1401 701 1442 libelli
733 1401 808 1442 dos
843 1404 926 1443 est:
960 1401 1072 1455 quod
1103 1401 1238 1442 risum
1271 1404 1413 1442 movet

358 1471 416 1511 Et
448 1471 559 1525 quod
592 1471 790 1525 prudenti
822 1472 958 1512 vitam
991 1471 1170 1513 consilio
1205 1474 1360 1512 monet.

360 1539 624 1583 Calumniari
658 1543 790 1596 siquis
826 1545 969 1583 autem
1001 1542 1200 1595 voluerit,

360 1611 481 1660 Quod
514 1613 689 1654 arbores
723 1613 972 1668 loquantur,
1003 1627 1091 1654 non
1122 1615 1291 1654 tantum
1323 1613 1450 1665 ferae,

359 1680 490 1723 Fictis
524 1683 657 1724 iocari
689 1698 766 1724 nos
799 1683 1043 1724 meminerit
1076 1682 1246 1724 fabulis.

910 1823 940 1864 Ι.

657 1892 852 1937 [vavs
878 1895 948 1926 ET
975 1893 1194 1938 AGNVS]

431 1965 499 2005 Ad
531 1965 671 2005 rivum
705 1965 883 2006 eundem
915 1965 1041 2019 lupus
1075 1968 1117 2006 et
1150 1979 1286 2019 agnus
1319 1968 1527 2007 venerant

363 2033 445 2076 Siti
477 2035 691 2089 conpulsi3
726 2036 919 2089 superior
952 2036 1096 2077 stabat
1129 2036 1255 2091 lupus

360 2104 589 2159 Longeque
622 2105 800 2146 inferior
831 2119 979 2160 agnus.
1041 2105 1159 2148 Tune
1192 2106 1312 2147 fauce
1345 2107 1527 2160 inproba

360 2175 492 2217 Latro
524 2176 727 2218 incitatus
761 2177 890 2230 iurgii
923 2191 1096 2218 eausam
1129 2177 1288 2218 intulit.

361 2245 494 2300 Quur,
527 2247 683 2301 inquit,
715 2247 1007 2288 turbulentam
1038 2247 1181 2288 fecisti
1214 2247 1318 2288 mihi
1684 2259 1703 2288 5

361 2317 531 2371 Aquam
563 2317 760 2358 bibenti?
823 2317 1012 2372 Laniger
1044 2321 1195 2360 eontra
1226 2319 1402 2361 timens:

242 2491 388 2526 LIBER
413 2491 715 2526 FABVLARVM
748 2493 864 2536 (Ἷιαεο
895 2493 968 2527 cluo
1000 2493 1105 2527 verba
1138 2504 1249 2526 manu
1283 2493 1519 2537 imperitiore,
1564 2494 1705 2537 maym's

149 2551 279 2585 litteris
300 2551 472 2595 niyroque
492 2554 692 2585 atramento
711 2552 848 2595 scripta
867 2551 967 2585 sunt’
991 2551 1050 2595 B).
1100 2550 1248 2585 FEDRI
1274 2551 1487 2586 AVGVSTI
1513 2551 1705 2585 LIBERTI

150 2609 228 2643 LlB
256 2610 333 2653 (sic,
359 2614 398 2643 ut
424 2610 579 2653 videtur)
606 2610 869 2644 FABVLARY
896 2612 975 2654 (sic)
1004 2610 1046 2644 P.
1110 2610 1235 2644 Etiam
1271 2611 1307 2643 in
1335 2609 1370 2644 R
1402 2611 1543 2644 ridetur
1575 2611 1703 2652 fuisse:

149 2667 308 2702 Phaedri
322 2668 481 2713 Augusti
501 2668 627 2703 liberti
646 2668 741 2703 liber
760 2669 969 2704 fabularum
985 2671 1051 2712 (rel
1064 2669 1087 2704 f.
1102 2669 1268 2714 primus).
1296 2669 1455 2714 Augusti
1475 2669 1599 2703 liberti
1624 2670 1703 2705 secl.

152 2727 209 2762 M.
259 2727 448 2762 Phaedrus
475 2727 559 2761 add.
572 2727 628 2768 M,
657 2727 759 2771 rulyo
787 2728 894 2762 inser.
908 2727 1097 2772 Prologus.
1176 2732 1190 2761 1
1220 2726 1382 2772 repperit
1401 2727 1443 2760 P.
1504 2731 1523 2760 2
1551 2727 1704 2762 senariis

144 2797 185 2829 p,
211 2785 372 2820 senareis
395 2785 438 2820 P.
514 2790 533 2820 3
561 2785 627 2819 dos
653 2785 727 2827 Rr,
754 2797 793 2820 os
820 2786 948 2821 addita
968 2787 1151 2831 posterius
1177 2798 1212 2820 ni
1244 2786 1284 2819 1².
1360 2790 1381 2819 4
1407 2785 1579 2830 prudenti
1605 2786 1703 2820 Bon-

148 2845 309 2887 yarsius,
336 2844 526 2889 prudentis
555 2845 627 2879 Pv.

245 2903 277 2946 Ι,
303 2907 323 2937 3
350 2902 455 2938 fauce
482 2903 554 2945 Rr,
587 2915 695 2938 anon.
722 2903 822 2945 ML,
858 2903 938 2938 face
968 2904 1010 2937 P.
1067 2903 1236 2948 improba
1261 2903 1314 2940 B,
1345 2903 1412 2937 Rr.
1492 2907 1513 2938 5
1539 2916 1632 2948 quur
1659 2904 1704 2939 P.

149 2961 273 2996 fecisti
298 2961 389 2996 mihi
415 2974 474 2996 an.
496 2962 586 3003 Nil„
611 2960 800 3006 Riyaltius
826 2965 909 2996 teste
935 2962 1060 3003 Zellio,
1088 2961 1176 2996 mihi
1203 2961 1325 2996 fecisti
1354 2962 1397 2998 P.

222 3022 350 3046 Phaedri
370 3021 499 3053 fabulae,
519 3022 562 3046 ed.
584 3022 615 3046 L.
631 3021 799 3047 Mrnmffin.
1403 3025 1418 3054 1
