2028 3310
502 186 564 221 DE
592 185 908 220 EME‘NDANDIS
936 185 1148 219 PHAEDRI
1174 185 1386 221 FAm'Lls.
1638 186 1720 220 XXI

174 311 301 351 quam
333 297 486 338 vocant
524 294 566 335 in
599 295 750 335 octavo
789 293 960 346 maiore,
1001 293 1196 347 idemque
1228 293 1576 335 membranaceus
1609 293 1721 335 haud

172 366 310 420 dubie,
342 368 389 407 111
420 365 586 419 origine
618 367 660 405 et
693 367 832 405 aetate
864 363 925 405 ita
953 363 1104 404 habitu
1137 365 1179 405 et
1205 364 1449 406 condicione
1476 364 1720 405 simillimus

171 436 254 478 fuit
291 436 528 479 Pithoeani.
590 435 731 489 Igitur
768 435 897 476 etiam
935 435 978 475 in
1021 434 1097 475 illo
1137 435 1345 476 vocabula
1382 450 1507 489 saepe
1550 435 1722 476 fuerunt

172 507 374 549 distincta
404 520 646 561 perperam3
680 519 806 559 saepe
840 507 939 546 sunt
971 505 1170 546 confusae
1203 505 1225 546 b
1258 508 1299 547 et
1329 520 1368 560 1,
1400 520 1419 546 e
1445 508 1487 546 91
1514 507 1542 559 ι’,
1578 507 1591 546 ἰ
1623 509 1664 547 91
1697 507 1722 559 l,

171 591 192 619 o
225 580 265 618 et
298 591 342 629 u,
385 591 462 630 pro
494 591 514 618 c
544 576 687 630 posita
713 590 784 629 qn,
816 577 862 616 ut
895 575 939 616 in
971 575 1058 616 illis
1089 589 1213 627 quum
1246 576 1432 628 loquutus
1463 577 1533 629 qud
1564 576 1631 617 vel
1657 577 1724 629 qod

170 647 236 689 vel
270 647 393 699 adeo,
438 647 474 687 si
514 661 657 688 verum
697 648 777 699 est,
814 647 919 699 quoi.
983 645 1298 686 Alliterationis
1343 646 1453 687 idem
1495 647 1581 687 fere
1620 662 1721 688 usus·

170 717 260 759 sive
298 717 454 758 abusus
488 717 558 771 qui
600 717 642 757 in
674 716 925 757 Pithoeano.
988 715 1266 757 Correeturae
1305 716 1415 756 haud
1455 717 1515 758 ita
1554 732 1724 771 paucae,

172 788 243 829 sed
281 788 524 842 pleraeque,
574 791 619 828 111
672 787 855 841 videtur,
906 801 1055 828 munus
1100 786 1278 840 primae,
1332 787 1537 840 quaedam
1579 791 1721 829 tamen

169 858 499 900 recentissimae.

288 928 439 970 Restat
472 931 517 969 ut
551 928 600 969 (le
634 928 771 982 pretio
804 927 1026 981 utriusque
1060 926 1215 967 codicis
1248 927 1468 969 referatur.

285 999 435 1054 Itaque.
467 998 713 1052 tenendum,
746 997 1102 1051 interpolationes
1135 997 1178 1037 in
1213 998 1272 1038 eis
1305 998 1480 1051 reperiri
1512 1014 1587 1040 1199
1618 1000 1723 1041 111111-

168 1073 233 1111 tas
267 1074 308 1111 et
341 1068 468 1123 tales7
514 1083 620 1123 quae
660 1068 784 1109 facile
823 1069 990 1122 possint
1032 1068 1307 1123 deprehendi,
1348 1084 1578 1124 versusque
1618 1071 1721 1111 adeo

169 1140 469 1195 suppositieios
502 1139 603 1180 ferri
636 1139 854 1193 pauculos.
906 1137 1065 1180 Contra
1099 1139 1203 1180 satis
1236 1139 1480 1194 frequentes
1514 1141 1596 1182 orti
1625 1145 1722 1182 sunt

169 1226 333 1252 errores
364 1211 556 1253 traiectis
590 1214 734 1251 eontra
771 1213 955 1251 metrum
988 1210 1147 1263 verbis3
1180 1225 1315 1264 neque
1335 1211 1377 1251 id
1398 1211 1567 1252 mirum.
1613 1212 1722 1253 Nam

170 1284 214 1322 ut
248 1282 446 1323 omittam
480 1280 605 1322 medii
639 1281 731 1321 aevi
765 1280 962 1321 librarios
996 1295 1149 1334 parum
1178 1281 1314 1322 'fuisse
1340 1281 1500 1335 peritos
1521 1283 1722 1324 metricae

168 1352 272 1394 artis
310 1351 511 1405 Phaedri,
556 1351 599 1392 in
637 1351 769 1404 libro,
814 1366 863 1391 ex
903 1366 984 1405 quo
1030 1351 1197 1392 deducti
1242 1355 1340 1392 sunt
1380 1351 1641 1394 pithoeanus
1681 1356 1722 1395 et

167 1422 410 1475 Remensis,
442 1436 587 1462 versus
619 1436 705 1462 non
737 1422 868 1463 fuisse
902 1421 1127 1462 distinctos
1161 1424 1345 1476 constat,
1378 1426 1423 1463 ut
1463 1424 1601 1477 speeie
1638 1439 1722 1466 non

168 1494 386 1535 differrent
419 1508 442 1534 a
476 1506 671 1533 sermone
701 1492 902 1546 pedestri.

284 1563 480 1618 Denique
518 1563 762 1604 litterarum
801 1562 1150 1617 syllabarumque
1191 1566 1230 1603 et
1271 1563 1373 1604 adeo
1406 1564 1631 1606 verborum
1671 1580 1722 1606 ne

168 1635 386 1690 graviores
433 1634 602 1689 quidem
649 1633 917 1688 corruptelae
968 1648 1089 1675 rarae
1141 1636 1238 1675 811111
1277 1634 1320 1674 111
1367 1634 1490 1676 libris
1535 1634 1723 1690 Gallicis,

168 1706 287 1748 euius
318 1705 379 1747 rei
413 1704 493 1746 fuit
526 1720 650 1746 causa
672 1705 833 1759 partim
860 1705 1077 1760 imperitia
1097 1705 1386 1758 librariorum,
1420 1706 1492 1760 qui
1514 1707 1722 1748 sermonis

168 1775 312 1818 Latini
350 1790 500 1829 parum
532 1776 703 1817 fuerunt
735 1776 873 1831 gnari,
907 1776 1066 1830 partim
1099 1776 1232 1830 ipsius
1267 1776 1490 1831 archetypi
1520 1777 1710 1818 condicio

169 1846 287 1887 euius
321 1846 449 1887 verba
482 1846 588 1887 locis
622 1850 688 1887 sat
720 1847 870 1888 multis
902 1862 1053 1901 parum
1086 1846 1282 1888 videntur
1314 1847 1506 1901 potuisse
1539 1848 1637 1903 legi.

288 1915 377 1957 lam
410 1932 502 1958 sum
535 1917 829 1971 disputaturus
862 1918 911 1958 de
944 1918 1065 1959 libris
1096 1918 1288 1959 Danielis
1329 1921 1368 1959 et
1399 1917 1583 1972 Perotti,
1617 1934 1721 1973 quos

169 1989 323 2030 iterum
356 1987 538 2041 propriis
571 1988 775 2041 impensis
816 1989 958 2029 curavi
999 1989 1285 2029 (vnferendas.
1349 1988 1542 2030 Contulit
1576 2004 1646 2031 eos
1680 1990 1723 2031 in

168 2074 284 2101 meos
337 2074 435 2099 usus
481 2058 593 2099 circa
637 2058 763 2099 finem
813 2075 847 2100 a.
893 2060 1002 2100 1874
1054 2059 1291 2100 Ludovieus
1338 2059 1722 2113 Mendelssohnius,

1713 1811 1723 1832 7

167 2129 303 2171 bonae
337 2129 427 2182 spei
460 2128 623 2170 iuvenis
658 2132 698 2170 et
726 2129 927 2171 Frideriei
950 2130 1177 2172 Ritschelii
1209 2130 1449 2184 praeceptis
1477 2131 1723 2185 innutritus,

167 2199 479 2254 pretiosissima
516 2214 614 2241 eura
655 2202 697 2241 et
734 2200 802 2240 vix
843 2216 945 2242 auro
990 2201 1273 2255 rependenda,
1316 2216 1571 2256 quamquam
1611 2203 1720 2243 idem

168 2270 276 2311 mira
302 2269 575 2324 neglegentia
607 2271 751 2312 omisit
785 2272 975 2313 carmina-
1005 2272 1065 2326 H,
1093 2273 1134 2324 73
1173 2270 1246 2325 IV,
1266 2272 1339 2325 213
1378 2287 1512 2326 neque
1540 2273 1719 2315 indicem

168 2341 426 2393 fabularum,
459 2341 530 2395 qui
562 2341 606 2382 in
627 2341 838 2384 Vaticano
860 2343 1000 2385 codiee
1021 2343 1196 2397 perinde
1220 2346 1348 2398 atque
1370 2344 1413 2384 in
1433 2343 1720 2397 Neapolitano

169 2415 267 2453 ante
315 2412 542 2467 prologum
593 2413 643 2454 ad
688 2413 900 2468 Pyrrhum
948 2414 1093 2455 datum
1141 2416 1206 2455 981
1249 2415 1433 2468 positus,
1483 2414 1721 2455 describere

168 2483 384 2525 sustinuit.

286 2553 427 2607 Igitur
447 2553 595 2595 charta
617 2554 809 2597 Danielis
842 2571 948 2611 quae
970 2559 1145 2597 109111111-
1166 2556 1293 2611 vulgo
1323 2558 1484 2609 prostat
1514 2555 1556 2595 in
1578 2554 1721 2595 9011190

172 2624 378 2665 Vaticano
417 2625 539 2678 1616,
573 2625 643 2679 qui
678 2625 780 2667 olim
813 2627 894 2668 fuit
926 2626 1168 2669 Christinae
1201 2627 1384 2682 reginae.

286 2694 367 2736 Est
398 2695 434 2736 is
466 2695 577 2736 liber
608 2696 956 2739 membranaceus
989 2700 1150 2740 formae
1178 2713 1283 2753 quae
1310 2698 1464 2738 «licitur
1487 2697 1530 2737 in
1551 2699 1721 2751 oetavo3

170 2768 339 2806 constat
370 2766 486 2807 foliis
511 2766 611 2820 1243
645 2766 815 2808 saeculo
849 2768 1029 2823 scriptus
1063 2783 1154 2810 esse
1187 2769 1437 2822 perhibetur
1470 2766 1562 2807 XII.
1615 2767 1720 2809 Con-

169 2835 277 2877 tinet
314 2849 412 2890 pag.
436 2837 576 2878 1—16
616 2839 846 2879 tractatum
886 2837 1092 2880 Guidonis
1127 2839 1340 2894 Augensis
1380 2837 1527 2894 (vulgo
1566 2842 1718 2880 vocant

167 2904 439 2962 Arretinum)
478 2921 603 2962 super
642 2908 821 2963 musica,
870 2910 1040 2951 17—18
1079 2909 1248 2951 fabulas
1282 2909 1485 2964 quasdam
1518 2909 1717 2961 Phaedri3
