2028 3310
296 215 322 255 6
793 212 1008 247 PHAEDRI
1032 210 1333 245 FABVLARVM

506 323 684 377 Ingrata
717 337 778 374 es,
810 320 966 374 iuquit,
999 333 1071 360 ore
1104 333 1210 372 quae
1242 321 1391 359 nostro
1424 320 1552 371 caput

507 392 725 434 Incolume
759 389 988 431 abstuleris
1020 392 1062 430 et
1093 389 1326 431 mercedem
1359 388 1565 443 postules.

1034 553 1108 595 IX.

548 638 774 682 [PASSER
800 637 874 670 AD
901 637 1169 669 LEPOREM
1196 633 1600 678 consanam-oa]

583 708 676 751 Sibi
707 723 793 750 non
825 722 973 749 cavere
1007 711 1050 748 et
1082 706 1176 748 aliis
1210 706 1435 747 consilium
1468 705 1567 746 dare

512 779 701 821 Stultum
735 794 826 820 esse
858 779 1003 832 paucis
1037 778 1307 819 ostendemus
1340 776 1546 817 versibus.

582 850 844 904 Oppressum
877 849 930 890 ab
964 848 1123 902 aquila,
1155 847 1279 888 fletus
1310 849 1355 887 et
1386 846 1559 886 dantem
1593 858 1744 899 graves

512 921 722 974 Leporem
754 919 1014 974 obiurgabat
1045 932 1212 972 passer:
1245 917 1318 957 ubi
1350 915 1581 970 pernicitas

514 990 648 1045 Nota,
680 991 837 1045 inquit,
868 989 1018 1030 illast?
1064 989 1164 1043 quid
1196 988 1258 1029 ita
1291 988 1513 1028 cessarunt
1543 985 1701 1040 pedes?
1833 995 1854 1025 5

516 1062 627 1103 Dum
660 1061 868 1116 loquitur,
900 1060 1042 1113 ipsum
1075 1058 1279 1112 accipiter
1311 1057 1567 1111 necopinum
1598 1056 1714 1110 rapit

516 1133 761 1185 Questuque
795 1146 903 1171 vano
937 1129 1230 1170 clamitantem
1263 1128 1477 1169 interficit.

515 1201 654 1259 Lepus
688 1201 966 1242 semanimus:
1008 1199 1159 1240 mortis
1194 1213 1246 1240 en
1278 1198 1503 1239 solacium!

517 1271 598 1320 Qui
630 1267 757 1312 modo
791 1285 965 1311 securus
996 1272 1146 1310 nostra
1178 1268 1393 1309 inridebas
1427 1267 1552 1320 mala,

518 1340 659 1383 Simili
691 1340 865 1395 querela
896 1340 986 1381 fata
1019 1339 1216 1393 deploras
1248 1341 1334 1380 tua.
1812 1349 1854 1379 10

1054 1503 1104 1545 X.

606 1587 800 1631 [LVPVS
825 1587 896 1619 ET
922 1586 1125 1619 VVLPIS
1150 1585 1345 1619 IVDICE
1373 1585 1558 1627 SIM10.1

590 1658 854 1712 Quicumque
885 1657 1002 1710 turpi
1032 1656 1181 1698 fraude
1215 1656 1348 1698 semel
1379 1657 1581 1709 innotuit,

518 1730 664 1771 Etiam
697 1729 732 1770 si
764 1743 912 1769 verum
945 1727 1050 1768 dicit
1083 1727 1247 1768 amittit
1279 1726 1417 1768 fidem.

520 1799 614 1841 Hoc
647 1799 886 1841 adtestatur
918 1798 1060 1839 brevis
1094 1797 1253 1851 Aesopi
1287 1797 1445 1838 fabula.

592 1871 737 1924 Lupus
770 1869 980 1923 arguebat
1010 1868 1182 1923 vulpem
1215 1868 1318 1909 furti
1352 1868 1546 1921 erimi11e3

521 1941 722 1995 Negabat
753 1940 830 1981 illa
862 1954 906 1981 se
939 1954 1031 1980 esse
1064 1939 1215 1993 culpae
1246 1939 1498 1993 proximam.
1844 1949 1864 1979 5

522 2012 556 2052 T
563 2026 641 2053 unc
674 2011 797 2052 iudex
829 2010 943 2051 inter
974 2009 1073 2051 illos
1106 2009 1216 2050 sedit
1248 2009 1411 2050 simius.

523 2083 711 2136 Uterque
743 2096 915 2122 causam
948 2095 1043 2122 cum
1075 2067 1350 2134 per⁰orassent
1382 2095 1516 2132 suam,

523 2153 694 2194 Dixisse
726 2152 863 2193 fertur
896 2151 1045 2192 simius
1079 2151 1355 2192 sententiam:

523 2223 586 2264 Tu
618 2237 703 2264 non
735 2222 891 2263 videris
925 2222 1158 2276 perdidisse
1191 2221 1303 2276 quod
1335 2222 1465 2276 petis3

525 2293 585 2335 Te
618 2293 741 2335 credo
775 2292 1037 2346 subripuisse
1071 2292 1183 2346 quod
1216 2292 1392 2346 pulchre
1425 2306 1572 2346 negas.
1825 2304 1866 2335 10

319 2474 356 2503 12
383 2468 564 2503 incolome
595 2467 688 2510 PR,
729 2467 911 2502 incolume
939 2479 1028 2502 corr.
1056 2479 1099 2501 ea?
1133 2467 1167 2501 111
1195 2467 1291 2502 collo
1326 2478 1406 2501 meo
1440 2479 1499 2501 (1η.
1525 2467 1628 2504 Wiss.
1707 2469 1870 2513 postules

314 2528 589 2564 11‘1·teershus1·us,
616 2527 782 2571 postulas
812 2527 856 2568 P,
881 2527 1046 2571 postolas
1072 2527 1116 2560 Jt'.

411 2587 469 2630 IX,
496 2592 515 2621 2
544 2586 778 2621 ostendemus
808 2586 958 2625 Tollius.
997 2586 1235 2620 ostendamus
1262 2597 1291 2619 ¹1·.
1376 2591 1396 2620 3
1424 2587 1462 2620 ct
1487 2586 1635 2621 dantem
1665 2586 1721 2627 ΠΙ,
1748 2586 1869 2621 fletus-

314 2646 444 2681 sedens
470 2657 513 2680 ea:
538 2649 743 2680 correctura
772 2645 816 2682 P,
853 2645 960 2679 fletus
993 2644 1161 2679 edentem
1193 2657 1235 2689 p,
1281 2646 1318 2679 et
1343 2644 1449 2679 fletus
1477 2644 1628 2679 dantem
1656 2656 1716 2679 zm.
1743 2645 1821 2680 Nil.

316 2711 335 2738 Γ)
361 2706 512 2748 fortasse
537 2706 719 2750 acceptor.
808 2709 827 2739 8
855 2703 1078 2738 semanimus
1109 2704 1163 2739 Μ.
1191 2703 1428 2738 smnianimus
1458 2703 1544 2737 PR.
1626 2714 1670 2737 en
1697 2702 1870 2737 solatium

317 2765 536 2799 ,s'anaclonns
562 2766 621 2807 (en
648 2762 781 2798 solatia
809 2763 965 2806 Heius),
1012 2762 1047 2797 111
1075 2762 1210 2796 solatio
1247 2763 1280 2795 1²
1309 2765 1340 2795 ec
1367 2766 1405 2796 *ut
1434 2762 1502 2796 rid.
1525 2761 1579 2797 11’:
1617 2774 1675 2796 (ιη.
1704 2761 1800 2795 ML:
1835 2763 1873 2796 et

316 2823 458 2867 aquila:
485 2821 661 2857 solatium
687 2822 784 2866 quod
811 2824 852 2856 tu
878 2821 940 2866 qui
966 2822 1064 2865 (add.
1092 2822 1157 2865 M)
1184 2833 1331 2856 securus
1358 2834 1391 2856 11.
1421 2821 1442 2856 i.
1470 2833 1518 2855 m.
1545 2833 1572 2855 s,
1599 2834 1632 2864 q.
1660 2820 1683 2854 f.
1712 2819 1745 2854 d.
1772 2822 1797 2854 t.

412 2882 439 2916 X
470 2883 575 2916 inser.
604 2881 724 2926 vulpis
754 2881 839 2915 PR.
927 2885 947 2915 4
974 2880 1063 2915 furti
1085 2892 1131 2925 p.
1171 2881 1256 2915 forti
1292 2881 1322 2914 1²
1336 2881 1376 2914 Η.
1463 2885 1482 2913 ι’»
1509 2879 1644 2914 semius
1669 2891 1725 2923 pr.
1752 2890 1795 2913 m.
1828 2878 1870 2914 P.

317 2940 538 2976 sar-ntentimu
560 2953 606 2986 p,
634 2939 790 2976 sentiam
822 2940 873 2984 1’,·
899 2940 943 2975 de
970 2939 1098 2974 libello
1125 2939 1346 2974 sententiam
1373 2938 1466 2986 legit
1493 2938 1593 2974 lenm.
