2028 3310
296 193 482 229 XXXVIII
949 195 1105 231 CAPVT
1131 195 1192 230 111.

857 391 1110 438 GAPVT
1165 393 1272 439 III.

331 494 406 536 DE
438 492 792 536 FABVLIS.EX
823 493 1107 536 PEDESTRI
1140 494 1415 538 SERMONE
1448 494 1806 538 TRANSLATls

904 575 968 619 IN
999 570 1235 620 VERSVS.

410 683 459 724 In
496 683 645 725 libello
683 684 733 726 de
766 684 949 726 Phaedri
990 688 1031 726 et
1069 685 1225 726 Aviani
1268 685 1428 727 fabulis
1473 686 1707 727 indicatum
1751 688 1841 726 erat

293 752 380 807 (pg.
407 751 477 808 18)
510 754 554 795 in
585 754 854 808 pedestribus
888 755 1071 809 syllogis
1103 755 1366 810 fabularum,
1410 770 1516 810 quae
1558 756 1636 797 sub
1668 755 1843 797 Romuli

293 827 336 864 et
374 825 572 878 anonymi
606 825 1004 881 VVissenbmgensis
1051 827 1116 867 vel
1152 826 1391 868 Nilantiani
1428 827 1601 868 nomine
1636 826 1843 879 ferunt-ur,

293 894 428 935 videri
461 898 628 938 exstare
661 896 817 951 viginti
850 897 937 938 fere
970 897 1138 938 fabulas
1158 896 1353 951 Phaedri,
1386 897 1601 939 codicibus
1635 897 1724 938 eius
1755 910 1844 938 non

293 967 497 1019 servatas,
530 968 571 1006 et
604 966 731 1007 simul
752 965 841 1021 (pg.
862 967 918 1008 20
933 967 1012 1021 sq.)
1044 968 1265 1021 proposita
1298 967 1491 1021 exempla
1522 966 1606 1007 tria
1631 965 1677 1006 in
1696 980 1843 1006 versus

290 1049 436 1076 rursus
468 1035 794 1093 translatarum,
839 1037 1040 1091 quoniam
1078 1037 1233 1091 prioris
1274 1037 1429 1079 aetatis
1462 1037 1632 1079 criticos
1666 1036 1843 1078 eandem

290 1120 380 1146 rem
412 1120 563 1159 parum
589 1120 793 1160 prospero
815 1107 1017 1160 Apolline
1049 1110 1286 1161 temptasse
1318 1107 1425 1148 mihi
1458 1110 1550 1148 erat
1581 1120 1844 1160 persuasum.

291 1175 458 1229 Itaque,
501 1178 548 1216 ut
580 1190 668 1216 rem
703 1176 915 1230 inceptam
954 1191 1221 1231 peragerem,
1271 1178 1376 1231 ipsis
1411 1176 1711 1218 Saturnalibus
1744 1177 1842 1218 anni

289 1243 680 1299 MDCGCLXXIV,
713 1261 795 1300 quo
828 1250 1021 1301 tempore
1054 1248 1247 1302 plerique
1267 1247 1422 1301 positis
1443 1247 1631 1302 negotiis
1658 1261 1705 1288 ac
1733 1247 1844 1288 solu-

290 1315 346 1355 tis
398 1316 552 1357 animis
604 1316 789 1358 solemus
839 1332 1160 1371 repuerascere,
1219 1317 1445 1359 consilium
1501 1317 1594 1371 cepi
1644 1317 1843 1371 scriptori

289 1400 519 1439 puerorum
558 1387 705 1427 usibus
744 1387 926 1428 multum
965 1390 1152 1429 tractato
1190 1388 1408 1442 reddendi,
1454 1391 1658 1442 quantum
1697 1394 1844 1441 posset

290 1455 399 1509 fieri,
432 1470 481 1497 ea
513 1471 619 1511 quae
650 1459 893 1511 temporum
926 1458 1082 1499 iniuria
1113 1458 1368 1512 perdiderat.
1417 1457 1582 1512 Nempe
1615 1458 1659 1499 in
1684 1459 1842 1500 fabulis

290 1525 403 1576 istis,
442 1541 545 1580 quas
578 1527 665 1568 iam
697 1529 876 1570 senariis
914 1529 1130 1579 iambicis,
1175 1529 1321 1570 eadem
1360 1529 1486 1570 metri
1524 1529 1714 1580 licentia,
1760 1543 1844 1583 qua

288 1597 380 1650 ipse
419 1597 637 1639 Phaedrus
679 1599 832 1653 utitur,
877 1600 1065 1641 admissa
1106 1614 1200 1641 sum
1244 1600 1559 1654 propositurus,
1602 1599 1724 1641 nulla
1767 1603 1843 1653 est,

291 1681 397 1720 quae
429 1667 605 1722 indigna
637 1669 810 1710 omnino
844 1670 902 1711 sit
933 1669 1139 1723 Phaedro,
1171 1673 1214 1711 et
1246 1670 1351 1711 adeo
1383 1669 1497 1711 haud
1530 1684 1701 1723 paucae,
1734 1685 1842 1725 quae

289 1737 477 1791 vulgatis
523 1738 611 1780 eius
657 1740 917 1782 carminibus
956 1741 1172 1795 plerisque
1214 1740 1434 1795 aliquanto
1481 1740 1705 1781 videantur
1751 1755 1842 1782 esse

293 1809 648 1861 praestantiores,
686 1814 733 1850 ut
764 1809 825 1863 II,
863 1810 946 1862 III,
977 1810 1051 1863 IV,
1083 1809 1185 1863 VII,
1216 1809 1295 1863 IX,
1328 1809 1431 1863 XII,
1468 1809 1562 1863 XV,
1598 1809 1713 1852 XIX.
1780 1811 1843 1852 Ac

278 1877 474 1931 primum
505 1878 617 1921 haud
650 1879 775 1920 dubie
808 1880 947 1921 10011111
979 1883 1127 1921 tenent
1146 1880 1197 1920 de
1218 1879 1433 1921 Androelo
1455 1883 1498 1921 et
1523 1880 1573 1921 de
1593 1880 1841 1922 hominibus

288 1947 452 1991 duobus
491 1949 533 1990 111
567 1949 790 1991 5111110111111
821 1952 981 1991 terram
1014 1949 1168 1991 delatis
1202 1950 1418 2004 opuscula.
1479 1950 1537 1991 Et
1569 1950 1613 1991 in
1645 1951 1719 1993 illo
1753 1952 1842 2006 qui-

290 2019 384 2060 dem
406 2020 589 2062 maiores
611 2020 733 2062 nobis
761 2021 952 2062 sumendi
982 2022 1096 2062 fuere
1118 2021 1307 2075 spiritus.
1342 2021 1538 2062 Alterum
1560 2037 1654 2063 cum
1676 2037 1842 2064 summa

289 2090 503 2145 suavitate
542 2092 584 2132 in
624 2095 809 2133 mentem
848 2095 1020 2132 revocat
1059 2092 1346 2146 epigramma,
1390 2092 1499 2146 quod
1539 2092 1642 2134 olim
1675 2093 1758 2135 lusi
1791 2093 1841 2135 de

289 2163 426 2202 morte
459 2159 667 2203 Socratis:

495 2255 573 2297 Cui
604 2256 789 2309 primum
821 2256 962 2310 patuit
994 2256 1217 2310 sapientia,
1250 2270 1401 2310 nempe
1435 2271 1641 2298 venenum

554 2326 728 2368 Hansit:
763 2330 855 2368 era-t
886 2327 1064 2368 nimium
1099 2341 1198 2368 vera
1229 2327 1379 2368 (locere
1412 2329 1550 2381 nefas,

287 2435 364 2462 nec
396 2421 534 2463 minus
567 2419 623 2476 (si
643 2421 768 2462 modo
802 2436 932 2476 parva
963 2436 1058 2463 011111
1090 2422 1258 2476 magnis
1287 2422 1483 2476 componi
1518 2423 1580 2464 fas
1614 2422 1699 2479 est)
1731 2439 1840 2479 quae

287 2491 370 2546 ipsi
403 2492 594 2546 perpessi
635 2507 779 2533 sumus
819 2508 843 2533 a
884 2492 1118 2546 philologis
1158 2492 1393 2546 nolmullis,
1442 2493 1541 2534 dum
1579 2493 1711 2536 nimio
1751 2495 1839 2536 veri

287 2565 482 2604 tenemur
520 2563 673 2605 studio.
729 2563 845 2612 Quae
879 2578 974 2604 011111
1007 2563 1068 2604 ita
1100 2563 1202 2616 sint,
1248 2563 1437 2605 carmina
1469 2563 1574 2605 haec
1607 2564 1650 2605 111
1683 2579 1838 2619 appen—

287 2633 377 2675 dice
435 2633 636 2676 editionis
693 2637 965 2688 stereotypae
1027 2633 1225 2687 Phaedri,
1288 2650 1394 2689 quac
1451 2634 1624 2689 Lipsiae
1680 2636 1841 2689 prodiit

289 2704 399 2757 apud
432 2703 720 2758 Teubnerum,
770 2705 907 2746 denuo
946 2705 1101 2746 curabo
1146 2706 1186 2745 in
1229 2708 1422 2759 tempore
1461 2705 1722 2760 excudenda3
1755 2721 1838 2761 quo

289 2775 380 2816 loco
424 2778 519 2816 unte
565 2775 648 2830 legi
689 2775 886 2817 solebant
925 2776 1003 2817 hae
1050 2776 1166 2830 ipsae
1207 2776 1377 2818 fabulae
1410 2791 1506 2817 011111
1543 2777 1639 2818 aliis
1680 2776 1840 2830 multis,

288 2845 481 2887 Phaedro
514 2861 665 2900 parum
699 2846 840 2901 «lignis
874 2850 947 2888 aut
981 2847 1124 2901 ntique
1157 2847 1327 2899 alienis,
1372 2863 1396 2888 u
1423 2846 1560 2889 Gudio
1592 2847 1838 2889 Burmanno

287 2915 511 2959 Dresslero
546 2917 587 2958 in
612 2932 757 2958 versus
791 2920 963 2958 coactae
983 2917 1203 2972 pessimos,
1235 2933 1338 2972 quas
1361 2918 1530 2972 quidem
1552 2932 1632 2973 ego
1653 2919 1838 2973 primum
