2028 3310
316 192 371 231 26
821 189 1036 224 PHAEDRI
1061 188 1360 222 FABVLARVM

527 298 759 339 Habebunt
791 299 920 349 certe,
953 310 1036 350 quo
1070 310 1114 336 se
1147 295 1363 336 oblectent
1395 295 1567 348 posteri.

596 369 720 410 Nunc
751 367 997 408 fabularum
1029 381 1102 407 cur
1133 367 1190 407 sit
1215 366 1435 407 inventum
1469 379 1600 420 genus
1654 361 1656 363 ’

526 439 653 480 Brevi
686 437 859 479 docebo.
921 436 1108 479 Servitus
1141 436 1338 488 obnoxia,

527 509 637 557 Quia
668 523 775 562 quae
806 507 980 549 volebat
1011 521 1096 548 non
1129 506 1312 547 audebat
1344 506 1493 559 dicere,
1822 516 1867 545 35

526 579 730 620 Adfectus
763 578 960 632 proprios
992 578 1037 619 in
1067 577 1250 618 fabellas
1282 576 1505 617 transtulit

527 648 881 703 Calumniamque
912 648 1022 689 fictis
1055 647 1184 689 elusit
1216 647 1333 688 iocis.

526 720 622 774 Ego
653 734 781 773 porro
813 719 930 760 illius
964 718 1161 759 semitam
1194 717 1276 758 feci
1307 716 1434 769 viam,

525 790 584 832 Et
616 789 803 845 cogitavi
835 789 959 843 plura
991 803 1119 842 quam
1150 787 1394 841 reliquerat,

526 861 576 901 ln
608 860 895 902 calamitatem
928 859 1120 913 deligens
1154 858 1362 912 quaedam
1395 873 1546 899 meam.
1825 867 1870 897 40

528 931 690 981 Quodsi
722 933 944 972 accusator
975 930 1086 971 alius
1119 928 1273 971 Seiano
1306 928 1429 982 foret,

529 1001 574 1043 Si
606 1002 729 1043 testis
763 1001 885 1053 alius,
917 1000 1041 1041 iudex
1076 999 1184 1041 alius
1218 999 1411 1054 denique,

527 1073 718 1127 Dignum
750 1072 908 1113 faterer
939 1085 1030 1112 esse
1062 1085 1129 1111 me
1161 1071 1291 1112 tantis
1324 1071 1463 1124 malis,

527 1142 618 1183 Nec
649 1142 716 1183 his
749 1142 939 1184 dolorem
970 1141 1202 1183 delenirem
1234 1140 1444 1182 remediis.

529 1212 774 1267 Suspitione
807 1212 941 1266 siquis
973 1211 1132 1253 errabit
1163 1227 1240 1252 sua
1827 1221 1871 1251 45

527 1283 587 1325 Et
616 1283 757 1337 rapiet
788 1282 841 1324 ad
873 1297 935 1336 se,
968 1282 1080 1336 quod
1114 1281 1195 1322 erit
1226 1295 1450 1322 commune
1482 1281 1684 1332 omnium,

528 1352 668 1394 Stulte
698 1352 879 1394 nudabit
910 1351 1043 1393 animi
1075 1351 1396 1393 conscientiam.

529 1423 640 1465 Huic
671 1425 920 1464 excusatum
953 1436 1019 1463 me
1050 1422 1180 1463 velim
1211 1422 1300 1463 nilo
1335 1422 1493 1463 minus:

528 1494 677 1548 Neque
710 1493 822 1534 enim
854 1495 1004 1534 notare
1037 1492 1232 1547 singulos
1265 1507 1383 1533 mens
1417 1495 1482 1534 est
1513 1492 1630 1544 mihi,

528 1565 689 1607 Verum
715 1565 855 1618 ipsam
881 1563 1014 1604 vitam
1041 1565 1084 1604 et
1109 1577 1248 1604 mores
1274 1562 1496 1604 hominum
1524 1562 1756 1604 ostendere.
1831 1573 1874 1603 50

601 1635 706 1676 Rem
738 1649 805 1675 me
838 1634 1079 1688 professum
1111 1633 1223 1674 dicet
1254 1634 1398 1674 forsan
1432 1633 1526 1688 quis
1560 1647 1745 1687 gravem.

531 1707 576 1749 Si
607 1706 753 1760 Phryx
788 1706 983 1759 Aesopus
1015 1704 1170 1759 potuit,
1203 1704 1463 1745 Anacharsis
1496 1703 1658 1758 Scytha

530 1779 760 1820 Aeternam
795 1777 954 1818 famam
987 1775 1164 1817 condere
1197 1775 1368 1829 ingenio
1402 1788 1498 1816 suo:

530 1849 638 1903 Ego,
670 1848 887 1889 litteratae
921 1847 992 1901 qui
1026 1861 1119 1888 sum
1150 1846 1326 1900 propior
1359 1845 1576 1899 Graeciae,

531 1919 617 1962 Cur
649 1933 798 1960 somno
831 1917 959 1959 inerti
990 1917 1182 1958 deseram
1214 1916 1382 1971 patriae
1413 1917 1569 1958 decus?
1832 1927 1875 1957 55

529 1989 732 2030 Threissa
764 2003 858 2029 cum
891 2001 996 2042 gens
1028 1989 1222 2028 numeret
1254 1989 1448 2028 auctores
1482 2001 1594 2041 suos,

529 2060 722 2114 Linoque
756 2059 914 2113 Apollo
949 2059 1006 2099 sit
1036 2072 1208 2112 parens,
1239 2056 1364 2099 Musa
1397 2056 1582 2111 Orpheo,

531 2131 612 2180 Qui
645 2145 748 2171 saxa
780 2131 905 2171 cantu
938 2129 1074 2170 movit
1106 2130 1149 2169 et
1180 2127 1346 2170 domuit
1376 2128 1489 2169 feras

320 2337 362 2367 37
390 2330 484 2366 fictis
510 2329 622 2364 elusit
645 2328 736 2364 iocis
758 2328 791 2362 V
814 2329 900 2371 (exe.
927 2329 1023 2372 quod
1048 2329 1087 2362 in
1113 2339 1151 2363 eo
1177 2331 1225 2362 est
1252 2327 1327 2362 ocis
1355 2339 1457 2362 erasa
1485 2333 1568 2363 ante
1594 2330 1713 2364 littera
1740 2333 1779 2363 ut
1804 2330 1876 2364 vid.

320 2392 363 2435 c),
390 2394 421 2424 et
448 2390 501 2424 ita
523 2389 634 2433 plane
654 2399 702 2432 p‚·
728 2387 791 2422 fict
817 2387 935 2421 scelus
961 2387 991 2421 it
1016 2387 1106 2422 locis
1138 2387 1222 2421 PR.
1298 2390 1340 2421 :38
1369 2398 1397 2421 e.
1426 2399 1460 2431 p.
1488 2387 1510 2421 i.
1538 2388 1756 2431 Schefferu&
1795 2399 1824 2422 e.
1852 2388 1874 2422 i.

319 2463 352 2494 p.
384 2449 428 2491 P,
453 2449 475 2483 i.
503 2460 537 2493 p.
566 2459 595 2481 e.
623 2447 668 2482 R.
719 2446 889 2481 semitam
905 2446 1042 2489 Scheff„
1073 2445 1206 2481 semita
1232 2446 1326 2487 1'11'3
1353 2447 1535 2481 a›1,11'iss.
1557 2447 1654 2491 quod
1675 2447 1875 2483 multorum

320 2507 471 2543 semitas
498 2506 743 2551 amplissimas
776 2505 915 2540 faceret
939 2504 1028 2539 vias.
1127 2510 1169 2539 39
1196 2508 1348 2547 sortasse
1380 2505 1608 2541 concinnavi.
1708 2511 1748 2540 41
1777 2507 1876 2550 quod

320 2567 350 2601 si
371 2579 412 2612 p,
437 2566 535 2611 quod
563 2566 611 2600 sit
639 2565 682 2601 P.
774 2568 818 2598 44
845 2563 1046 2598 doionirem
1074 2564 1213 2605 Bentl„
1246 2564 1439 2599 delinirem
1470 2565 1510 2599 1'.
1603 2569 1646 2598 45
1674 2565 1875 2609 suspitione

319 2627 349 2661 si
375 2625 456 2670 quis
485 2626 529 2668 P,
555 2623 782 2669 suspiciones
808 2622 890 2667 quis
917 2622 985 2667 11²9.
1070 2627 1111 2657 47
1139 2623 1295 2657 nudabit
1316 2635 1354 2667 p,
1382 2623 1536 2658 nudavit
1566 2623 1652 2657 1’11’.
1729 2628 1771 2658 48
1798 2623 1875 2658 nilo

323 2686 379 2727 ῙὶῙ,
405 2684 521 2719 nihilo
552 2684 620 2718 Pv.
696 2687 737 2717 51
766 2683 889 2717 forsan
916 2682 996 2726 quis
1019 2682 1158 2719 Ilce'ns..
1184 2682 1306 2716 forsan
1333 2682 1466 2726 aliquis
1491 2683 1533 2725 1³,
1560 2682 1713 2717 forsitan
1741 2682 1876 2726 aliquis

321 2745 388 2788 Rq.
422 2747 505 2788 post
529 2744 625 2778 hunc
650 2754 679 2777 v.
708 2743 770 2787 leq.
798 2743 839 2776 in
868 2741 962 2775 PR.-
987 2741 1172 2786 I'hrygcm
1200 2743 1264 2785 (sic
1287 2742 1399 2783 Vina,
1426 2741 1571 2787 Frigem
1600 2741 1669 2785 Ny,
1696 2741 1803 2785 Frige
1822 2742 1876 2785 1¹)

320 2803 431 2837 fuisse
459 2803 662 2847 Aesopn1n3
689 2802 755 2835 del.
776 2813 809 2845 p.
887 2805 929 2834 52
959 2800 1067 2834 Plu-ix
1101 2801 1142 2837 1‘.
1171 2801 1289 2844 Phryx
1318 2813 1346 2836 ν.
1411 2801 1439 2834 si
1466 2804 1545 2844 pose
1577 2800 1698 2845 potuit
1732 2812 1802 2834 non
1828 2803 1876 2834 cst

323 2864 361 2896 in
391 2862 424 2895 1²
448 2872 510 2895 m’c
535 2862 575 2894 ¹in
600 2861 651 2895 ed.
674 2861 780 2895 Broc.
839 2859 1058 2894 Anacharsis
1086 2859 1225 2903 Scytha
1257 2859 1354 2904 Risi,
1388 2859 1623 2893 Anacharsim·
1648 2859 1808 2903 Scythae
1829 2858 1876 2900 R,

322 2921 535 2955 Anaharsac
563 2919 721 2963 Scythae
752 2919 794 2953 1'.
869 2923 911 2952 5⁴1
939 2917 1089 2963 propior
1110 2929 1148 2962 Ι),
1176 2917 1343 2963 proprior
1374 2917 1458 2952 Ple.
