2028 3310
519 232 580 265 DE
608 230 926 265 EMENDANDIS
954 230 1167 265 PHAEDRI
1195 229 1409 264 FABVLIS.
1618 229 1735 263 XXIX

188 339 238 380 Iu
270 340 496 393 asyndeto,
536 354 618 393 quo
656 338 768 379 hand
807 353 902 379 raro
943 338 1077 379 utitur
1109 337 1344 386 Phaedrus,
1383 336 1487 377 nihil
1531 338 1593 377 cst
1627 336 1736 389 quod

188 409 484 463 reprehendas.

878 477 940 519 Ib.
970 478 1041 519 13:

399 549 536 591 Nemo
570 549 894 590 animadvertit:
927 549 1084 589 transit
1116 549 1245 589 etiam
1279 549 1442 589 vilicus.

307 632 389 673 Pro
423 630 757 673 ‘animadvertit’
796 634 943 672 contra
975 634 1159 672 metrum
1191 630 1350 683 legitur
1382 630 1494 672 ‘eum
1526 627 1738 670 advertit’.

875 713 937 754 Ib.
974 714 1042 754 14:

398 783 488 826 Nec
520 784 593 825 ille
626 785 853 839 quicquam
887 784 1028 825 sentit.
1089 782 1199 824 Tum
1231 783 1419 837 gaudens
1452 786 1577 824 ferus.

305 867 387 908 Pro
421 866 579 920 ‘ferus’,
612 881 694 921 quo
728 867 936 908 vocabulo
969 866 1138 919 saepius
1171 866 1305 906 utitur
1338 864 1569 916 Phaedrus,
1610 863 1738 903 etiam

188 937 244 992 (J,
282 937 352 990 12,
383 935 429 992 9)
462 937 535 978 ubi
568 937 681 978 cervi
713 938 760 978 fit
792 937 973 989 mentio,
1006 937 1050 977 in
1075 935 1239 977 Perotti
1272 935 1415 977 codice
1449 939 1514 976 est
1546 932 1739 986 ‘cervus’,

188 1008 520 1061 interpolatione
552 1007 698 1060 inepta
731 1007 962 1060 eademque
994 1005 1236 1047 manifesta.

828 1088 890 1130 Ib.
925 1089 989 1142 16,
1026 1090 1096 1130 17:

398 1158 647 1213 Hospitium
680 1159 857 1200 adverso
891 1160 1002 1214 quod
1034 1160 1331 1214 praestiterint
1362 1162 1569 1213 tempore.

399 1230 636 1284 Respondit
667 1245 791 1271 unus:
825 1230 992 1271 salvum
1024 1234 1068 1272 te
1100 1230 1293 1284 cupimus
1327 1229 1510 1284 quidem.

307 1312 431 1366 Apud
476 1312 698 1354 Perottum
743 1314 826 1353 est:
878 1312 999 1367 ‘quia
1039 1311 1328 1368 praestarent’
1380 1315 1420 1352 et
1467 1310 1653 1352 ‘salvum
1697 1314 1740 1351 te

189 1383 418 1425 volumus'.

306 1453 367 1494 lb.
399 1469 436 1494 V.
460 1454 530 1507 19,
563 1468 644 1508 quo
678 1468 820 1495 carere
851 1454 971 1496 nullo
1004 1458 1131 1508 pacto
1164 1468 1409 1508 possumus,
1441 1452 1560 1493 deest
1591 1452 1635 1492 in
1668 1466 1741 1492 an-

188 1524 294 1566 thol.
325 1523 563 1565 Perottina.

306 1594 499 1649 Denique
533 1594 576 1635 in
608 1594 690 1635 fine
722 1594 893 1636 fabulae
925 1594 1029 1636 haec
1062 1595 1257 1636 feruntur
1290 1595 1439 1649 vulgo:

400 1676 693 1731 Praedamque
725 1677 850 1718 tollit.
907 1676 1026 1719 Haec
1060 1677 1276 1732 significat
1306 1677 1465 1730 fabula,

400 1747 628 1788 Dominum
660 1747 801 1788 videre
834 1748 1066 1801 plurimum
1097 1748 1140 1789 in
1172 1748 1299 1789 rebus
1334 1747 1433 1788 suis.

307 1829 433 1883 Apud
453 1829 676 1871 Perottum
709 1830 855 1871 eadem
888 1831 932 1871 in
952 1845 1083 1871 unum
1104 1845 1274 1871 versum
1294 1832 1514 1871 contracta
1546 1832 1642 1869 sunt
1664 1829 1741 1869 ita:

403 1911 694 1966 Praedamque
725 1912 862 1965 tollit,
895 1927 1022 1967 quam
1055 1914 1283 1966 paraverat
1315 1926 1449 1953 casus.

307 1993 471 2035 Notum
504 1998 567 2034 est
601 1994 654 2034 ab
688 2009 737 2036 eo
771 1995 915 2036 omitti
947 2010 1079 2049 paene
1113 1995 1257 2035 omnia
1287 1993 1535 2048 promythia
1568 1993 1635 2033 vel
1656 1993 1741 2046 epi-

190 2064 367 2118 mythia.
412 2064 529 2113 Quae
562 2065 607 2105 in
639 2065 763 2106 huius
790 2065 960 2106 fabulae
991 2067 1106 2106 exitu
1134 2065 1244 2119 apud
1265 2079 1361 2106 eum
1381 2064 1582 2118 leguntur
1602 2063 1741 2105 aliena

191 2149 214 2175 a
247 2134 369 2175 libris
402 2133 602 2187 Gallicis,
646 2149 693 2176 ea
734 2136 836 2189 quin
869 2136 922 2176 ab
965 2136 1058 2189 ipso
1098 2136 1185 2176 sint
1222 2135 1482 2189 interpolata
1515 2134 1568 2176 ad
1598 2134 1742 2175 trime-

189 2208 304 2246 trum
324 2206 551 2246 iambicum
575 2205 930 2260 qualemcumque
957 2205 1237 2258 conflandum,
1269 2220 1355 2247 non
1380 2208 1523 2260 potest
1543 2205 1740 2246 dubitari.

189 2275 302 2316 Nam
335 2291 462 2330 quam
495 2276 668 2331 egregia
702 2281 794 2318 arte
826 2291 927 2318 usus
966 2277 1023 2317 sit
1062 2277 1190 2318 horno
1231 2277 1275 2317 in
1316 2276 1508 2318 versibus
1546 2276 1742 2317 iambicis

190 2346 445 2399 pangendis,
478 2361 575 2388 mox
608 2347 858 2388 videbimus.

790 2429 851 2483 II,
883 2429 996 2484 Epil.
1028 2432 1061 2483 l,
1094 2431 1137 2470 2:

403 2499 563 2553 Aesopi
596 2500 768 2554 ingenio
801 2503 991 2542 statuam
1022 2515 1201 2554 posuere
1234 2500 1388 2553 Attici,

404 2569 664 2624 Servumque
697 2570 963 2613 collocarunt
995 2574 1170 2612 aet-ema
1202 2571 1245 2611 in
1276 2571 1381 2612 basi.

307 2663 438 2705 Initio
471 2663 595 2705 huius
629 2665 829 2706 carminis
849 2665 1072 2707 Perottino
1094 2664 1235 2706 codice
1263 2665 1538 2706 confirmatur
1568 2665 1739 2719 egregia

192 2734 317 2776 Gudii
357 2735 616 2788 coniectura,
663 2735 733 2789 qui
773 2736 962 2789 scripsit:
1008 2735 1181 2789 ‘Aesopi
1221 2734 1407 2787 ingenio’
1452 2749 1527 2789 pro
1567 2734 1740 2789 ‘Aesopi

190 2803 437 2858 ingentem',
470 2805 558 2846 sive
580 2804 765 2859 ‘Aesopo
799 2804 1050 2860 ingentem':
1084 2819 1104 2845 e
1132 2805 1286 2858 quibus
1320 2805 1574 2846 lectionibus
1608 2805 1739 2846 altera

192 2878 257 2916 est
288 2875 331 2915 in
353 2874 552 2916 Remensi
586 2875 710 2928 libro,
744 2875 878 2916 altera
910 2875 954 2916 in
974 2874 1226 2927 Pitheoano,
1257 2874 1300 2914 in
1333 2890 1416 2929 quo
1444 2878 1587 2915 tamen
1608 2875 1740 2916 videri

191 2946 307 2999 prius
340 2944 472 2986 fuisse
506 2945 679 2999 ‘Aesopi
713 2945 904 2999 ingento’
937 2948 1122 2987 testatur
1153 2944 1379 2998 Bergerus.
