2028 3310
296 228 353 270 84
794 229 1006 265 PHAEDRI
1032 229 1334 265 FABVLARVM

507 337 796 391 Cmtendaut,
829 351 908 392 ego
940 342 983 379 te
1015 338 1190 391 plurimi
1222 337 1334 379 facio
1366 340 1522 379 tamen.
1826 348 1846 378 5

506 409 676 450 Iuvenis
708 408 934 449 recordans
968 408 1166 462 quotiens
1198 408 1400 462 deceptus
1432 408 1565 449 foret:

506 479 720 532 Libenter,
751 479 904 532 inquit,
936 494 1031 520 mea
1063 479 1147 532 lux,
1179 479 1290 520 hanc
1322 493 1470 520 vocem
1503 478 1642 531 audio,

505 549 599 590 Non
635 549 745 602 quod
779 549 928 602 fidelis,
961 550 1032 591 sed
1066 550 1175 603 quod
1209 549 1433 590 iocundast
1464 548 1583 589 mihi.

972 689 1174 731 XXVIII.

936 759 985 804 [F
1000 760 1022 792 1
1034 761 1069 792 B
1082 760 1117 792 E
1131 757 1198 802 Rq

453 829 579 876 [Multi
604 829 788 872 viverent,
815 829 845 863 si
871 829 1002 863 salutis
1026 828 1147 873 gratia
1171 827 1276 873 parvi
1301 827 1467 863 facerent
1492 826 1687 872 fortunas]

575 901 713 943 Canes
746 902 931 955 effugere
965 915 1059 942 cum
1091 901 1177 941 iam
1208 915 1293 941 non
1325 900 1440 954 potis
1473 903 1539 941 est
1569 900 1690 954 fiber,

505 971 678 1024 (Graeci
709 973 909 1027 loquaces
943 986 1068 1026 quem
1101 971 1298 1012 dixerunt
1330 973 1538 1012 castorem

503 1043 562 1084 Et
594 1043 839 1084 indiderunt
869 1043 1035 1084 bestiae
1066 1056 1222 1083 nomen
1253 1042 1333 1094 dei,

502 1112 592 1167 Illi,
627 1114 699 1168 qui
732 1114 896 1155 iactant
929 1128 973 1154 se
1005 1114 1234 1154 verborum
1266 1111 1408 1166 copia)

503 1183 716 1237 Abripere
749 1198 892 1225 morsu
925 1184 1060 1224 fertur
1091 1183 1315 1225 testiculos
1350 1183 1445 1235 sibi,
1699 1184 1706 1189 “
1826 1195 1846 1224 5

505 1253 615 1302 Quia
646 1256 824 1307 propter
854 1253 954 1294 illos
987 1254 1147 1305 sentiat
1179 1268 1271 1295 sese
1303 1253 1405 1307 peti.

502 1322 661 1364 Divina
693 1324 806 1378 quod
837 1324 1004 1365 ratione
1037 1324 1129 1365 fieri
1153 1339 1242 1366 non
1272 1337 1422 1378 neges;

503 1393 696 1435 Venator
727 1409 907 1448 namque
941 1395 1068 1436 simul
1103 1395 1265 1436 invenit
1296 1394 1541 1447 remedium,

505 1463 680 1505 Omittit
711 1465 852 1518 ipsum
885 1465 1080 1519 persequi
1114 1469 1157 1506 et
1190 1467 1363 1506 revocat
1395 1478 1534 1505 canes.

573 1534 666 1577 Hoc
694 1536 730 1576 si
754 1539 977 1590 praestare
1004 1539 1180 1591 possent
1205 1536 1414 1589 homines,
1440 1538 1488 1576 ut
1514 1549 1590 1575 suo
1805 1547 1846 1576 10

502 1605 677 1646 Vellent
709 1620 870 1660 carere,
902 1607 987 1648 tuti
1019 1607 1200 1661 posthac
1233 1607 1441 1659 viverent3

503 1675 626 1717 Haud
661 1676 887 1731 quisquam
918 1677 1098 1718 insidias
1131 1677 1242 1719 nudo
1276 1678 1436 1719 faceret
1469 1676 1648 1729 corpori.

988 1818 1144 1861 XXIX.

781 1888 1023 1932 [PAPILIO
1049 1891 1119 1922 m·
1145 1889 1354 1932 VESPA.{

397 1956 497 2001 [Non
523 1957 764 2001 praeteritam
790 1957 855 1993 sed
880 1961 1115 2003 praesentem
1140 1959 1393 2004 aspiciendam
1421 1969 1499 1993 esse
1525 1958 1739 2003 fortunam}

572 2029 786 2084 Papiliam
817 2045 992 2084 vespam
1025 2036 1199 2085 propter
1231 2032 1418 2073 volitans
1451 2030 1626 2073 viderat.

503 2100 536 2142 O
571 2104 728 2142 sortem
762 2101 971 2156 iniquam!
1003 2102 1105 2143 dum
1136 2103 1338 2144 vivebant
1371 2117 1562 2156 corpora,

502 2170 689 2220 Quorum
723 2186 771 2213 ex
804 2173 999 2227 reliquiis
1033 2173 1220 2214 animam
1251 2187 1329 2213 nos
1363 2172 1614 2226 accepimus,

501 2241 596 2296 Ego
631 2243 831 2297 eloquens
865 2243 909 2284 in
940 2257 1061 2297 pace,
1094 2243 1220 2284 fortis
1253 2242 1442 2297 proeliis,

500 2314 606 2354 Arte
640 2314 756 2355 0111111
790 2313 986 2367 princeps
1019 2313 1133 2354 inter
1166 2313 1365 2367 aequales
1398 2313 1470 2353 fui.
1823 2324 1842 2353 5

501 2384 567 2425 En
600 2385 770 2425 cuncta!
803 2384 955 2425 levitas
988 2384 1125 2438 putris
1159 2386 1201 2424 et
1234 2384 1366 2425 volito
1399 2384 1524 2425 cinis!

288 2552 308 2582 6
335 2547 500 2592 direptus
528 2546 569 2590 V,
596 2557 668 2581 non
687 2546 737 2581 N.
812 2549 832 2580 8
858 2545 1015 2580 iocunda
1042 2548 1097 2580 est.
1127 2545 1164 2580 Γ.
1245 2550 1262 2580 7
1291 2546 1449 2581 libenter
1472 2546 1510 2579 Γ.

383 2606 553 2648 XXVIII,
584 2609 598 2639 1
627 2605 747 2640 Eanes
777 2605 815 2646 V,
841 2616 915 2639 non
942 2604 989 2638 N.
1063 2604 1159 2649 potis
1186 2608 1240 2639 ost
1269 2605 1392 2647 Rom..
1424 2604 1543 2650 possit
1572 2604 1608 2638 Γ.
1672 2604 1773 2639 seber
1802 2603 1841 2647 Γ,

288 2676 360 2700 non,
385 2665 432 2700 N.
508 2669 528 2698 4
556 2675 593 2699 se
619 2664 762 2699 iactant
786 2664 834 2705 N.
861 2675 934 2698 von
957 2663 994 2697 Γ.
1076 2668 1095 2697 ὑ
1124 2664 1246 2698 serunt
1276 2663 1314 2707 Γ,
1342 2676 1413 2697 mm
1434 2663 1480 2697 N.
1563 2667 1582 2697 6
1610 2674 1647 2697 se
1678 2663 1717 2707 Γ,
1749 2674 1840 2698 corr.

289 2726 400 2759 lanu.
477 2728 495 2759 7
522 2735 634 2768 neges
664 2723 725 2766 M,
759 2733 890 2767 negem
916 2723 965 2764 N,
997 2721 1133 2767 negent
1162 2723 1199 2756 Γ.
1274 2726 1294 2756 9
1322 2724 1470 2757 revocat
1499 2723 1560 2763 M,
1593 2724 1701 2757 vocat
1731 2722 1768 2755 Γ.

290 2790 327 2819 11
359 2785 515 2825 careret,
542 2781 596 2816 1111
626 2782 664 2821 Γ,
691 2794 780 2817 corr.
805 2783 916 2818 Iarm.

382 2841 559 2884 XXIX,1
599 2843 751 2886 propter
788 2841 949 2876 volitans
989 2841 1050 2881 M,
1095 2841 1407 2885 protei-volantem
1444 2841 1489 2884 Γ;
1534 2841 1840 2886 praetervolitans

289 2902 392 2935 orell.
469 2906 488 2934 3
511 2904 602 2944 puto
629 2912 678 2935 ee.
706 2899 909 2945 accipimus
942 2899 980 2942 Γ,
1020 2911 1041 2933 11
1063 2927 1068 2933 .
1092 2927 1098 2933 .
1121 2927 1127 2933 .
1152 2930 1156 2934 .
1181 2929 1186 2933 .
1210 2929 1215 2934 .
1239 2928 1244 2934 .
1268 2929 1274 2935 .
1305 2900 1351 2942 N,
1385 2911 1473 2934 corr.
1507 2900 1615 2935 Imm.
1715 2904 1734 2934 4
1761 2899 1835 2934 elo-

286 2973 401 3004 quens
429 2961 548 2999 laun..
576 2959 727 3003 loquens
757 2959 794 2993 Γ.
