2028 3310
268 225 322 266 98

704 223 915 258 PHAEDRI
942 221 1165 256 FABVLAE
1193 219 1373 255 NOVAE.

614 384 1014 441 APPENDioIs
1054 396 1478 440 PERo'rTINAE

802 516 903 558 Fab.
936 516 954 557 I
988 516 1283 570 epimythium.

479 588 648 629 Avarus
681 590 724 628 et
755 586 864 640 quod
898 589 1091 641 superest
1120 601 1204 627 non
1237 585 1368 626 donat
1398 585 1547 626 libens.

768 680 869 723 Fab.
901 679 986 722 VII
1020 679 1315 734 epimythium.

480 751 548 793 Sic
581 751 941 805 comprimendast
973 750 1197 804 impudens
1231 749 1419 790 iactatio.

756 845 790 886 F
794 845 859 887 ab.
890 844 998 886 VIII
1031 842 1328 898 epimythium.

480 916 664 958 Difficile
693 931 818 970 quam
845 916 902 956 sit
926 914 1146 956 hominem
1173 928 1313 967 nosse,
1339 913 1437 954 hine
1463 912 1676 955 discimus.

758 1010 790 1051 F
793 1010 860 1051 ab.
891 1008 999 1050 XIII
1030 1007 1336 1062 promythium.

478 1081 691 1122 Muliebre
722 1080 941 1135 ingenium
975 1094 1058 1134 qua
1090 1079 1148 1120 sit
1179 1078 1481 1132 inconstantia,

480 1151 571 1193 Iam
604 1150 910 1192 demonstrabo
943 1152 1048 1191 nota
1081 1149 1211 1203 vulgo
1243 1148 1401 1190 fabula.

758 1244 861 1287 Fab.
892 1242 995 1285 XIV
1026 1242 1333 1297 promythium.

478 1315 672 1357 Fortuna
704 1315 917 1356 interdum
950 1317 1101 1356 eontra
1134 1328 1183 1355 ac
1214 1316 1479 1368 speratumst
1509 1312 1636 1369 cadit.v

767 1409 800 1451 F
804 1410 869 1450 ab.
902 1408 982 1450 XV
1016 1407 1320 1463 promythium.

479 1480 640 1522 Vtilius
674 1483 845 1535 saepest
875 1480 1031 1520 falsum
1064 1493 1192 1533 quam
1224 1493 1371 1519 verum
1405 1478 1534 1532 loqui.

738 1574 839 1616 Fab.
872 1572 1027 1625 XVIII-
1052 1572 1351 1627 epimythium.

480 1645 596 1687 Malo
628 1645 869 1687 inconsulte
901 1659 986 1686 non
1020 1647 1085 1685 est
1117 1643 1357 1685 addendum
1390 1643 1561 1685 malum.

761 1739 863 1782 Fab.
895 1738 998 1780 XIX
1031 1737 1327 1792 epimythium.

479 1812 629 1866 Aequo
661 1811 927 1853 ferendumst
961 1809 1121 1863 animo,
1154 1808 1448 1863 quodcumque
1480 1807 1645 1850 accidit,

762 1905 864 1947 Fab.
895 1903 998 1946 XXI
1031 1902 1327 1957 epimythium.

481 1977 551 2019 Sic
578 1991 705 2031 saepe
732 1976 861 2018 homo
887 1974 1107 2016 hominem
1134 1973 1303 2015 blandis
1331 1973 1473 2014 verbis
1500 1973 1670 2027 decipit.

745 2070 847 2112 Fab.
880 2068 1003 2111 XXII
1036 2068 1346 2123 promythium.

481 2141 671 2195 Negabit
702 2142 864 2183 frustra
896 2140 941 2181 in
973 2139 1111 2181 medio
1143 2154 1322 2193 prensus
1355 2138 1542 2179 erimine.

735 2235 839 2276 Fab.
872 2232 1019 2275 XXIII
1052 2232 1358 2287 promythium.

484 2307 637 2349 Leonis
670 2306 780 2361 pelle
814 2319 940 2359 saepe
972 2303 1192 2357 volpinast
1223 2302 1352 2356 prior.

751 2399 853 2441 Fab.
885 2397 1005 2440 XXV
1039 2396 1336 2451 epimythium.

480 2472 658 2514 Nullum
692 2470 965 2512 maledictum
998 2468 1170 2523 gravius
1204 2467 1515 2510 conscientiast.

734 2564 836 2606 Fab.
869 2562 1026 2605 XXVI.
1058 2562 1355 2616 epimythium.

482 2637 563 2688 Qui
596 2636 737 2679 verbis
772 2635 970 2688 blandus,
1002 2637 1172 2688 pectore
1206 2633 1386 2675 infidelis
1420 2636 1498 2681 est,

481 2709 571 2750 Hoc
603 2711 857 2763 argumento
889 2722 933 2748 se
965 2705 1106 2747 notari
1140 2705 1311 2746 sentiat..

734 2802 835 2845 Fab.
865 2799 1029 2843 XXVII
1064 2799 1360 2854 epimythium.

484 2875 553 2916 Sic
587 2875 738 2929 sponte
773 2872 998 2925 interdum,
1031 2870 1153 2922 gnari
1189 2868 1368 2917 fraudis,
1403 2867 1601 2909 fallimur.
