2028 3310
290 165 391 200 XXII
953 164 1111 199 CAPVT
1138 165 1180 198 II.

291 287 386 328 pag.
412 274 463 315 18
497 287 646 314 aversa
675 274 798 327 parte
831 272 968 314 oratio
1000 272 1072 326 pia
1108 272 1279 327 legitur,
1316 273 1361 314 in
1401 270 1675 326 sequentibus
1707 284 1840 325 usque

293 343 345 385 ad
376 344 503 384 finem
534 357 687 397 poema
719 341 886 383 Gallico
919 357 1112 384 sermone
1145 343 1351 398 scriptum
1385 342 1621 384 exhibetur.

410 412 489 454 Vsi
516 415 615 454 sunt
640 427 688 453 eo
708 411 942 466 Rigaltius,
973 412 1179 454 Nicolaus
1199 413 1421 467 Heinsius,
1451 410 1630 464 Gudius‚
1662 411 1843 465 denique

291 486 440 525 nostro
474 483 642 524 saeculo
662 481 856 536 Angelus
876 481 1032 537 Maius,
1065 483 1136 538 qui
1170 483 1275 524 satis
1308 496 1464 537 magna
1484 481 1710 536 diligentia
1741 495 1842 522 usus

292 554 508 595 variantes
545 553 671 594 huius
709 552 810 594 libri
849 553 1054 595 lectiones
1092 553 1345 608 publicavit
1365 553 1408 594 in
1447 554 1669 593 auctorum
1701 550 1843 592 classi-

293 639 437 666 corum
468 626 497 664 t.
523 622 600 664 ΠΙ.

411 704 616 747 Continet
659 704 791 747 codex
830 705 1021 747 Danielis
1064 706 1162 747 libri
1206 706 1334 761 primi
1378 704 1621 747 fabularum
1660 703 1845 745 Phaedri

293 778 389 818 octo
413 775 594 829 fabulas,
625 790 713 816 non
738 775 894 829 plures,
931 777 994 830 11,
1025 777 1088 830 12,
1118 777 1182 830 13,
1212 777 1276 830 17,
1308 777 1372 829 18,
1402 776 1466 829 19,
1493 775 1560 827 20,
1586 775 1654 827 21,
1686 773 1845 827 eodem,

295 849 341 888 ut
371 846 489 887 vides
523 845 680 897 ordine,
713 846 785 900 qui
818 846 862 887 111
894 846 1017 888 libris
1050 845 1228 888 Gallicis
1266 846 1531 887 observatur.
1592 844 1762 885 Primae
1794 858 1845 884 ex

293 916 360 957 his
392 916 646 970 inscriptum
679 920 762 958 est:

294 1010 556 1052 PHAEDRI
565 1033 572 1041 ·
582 1000 718 1052 AVG'·
729 1009 903 1051 LIBER
912 1033 920 1041 ·
929 1010 966 1052 I·
977 1009 1346 1052 AESOPRIARV
1350 1010 1395 1052 M
1428 1009 1549 1065 (nom
1579 1007 1846 1055 AESOPIA-

723 1090 868 1146 RVM)
901 1091 1410 1134 INCIP-FELICITER·

412 1183 605 1239 Septima
647 1185 766 1226 nullo
811 1186 955 1227 addito
999 1186 1129 1228 titulo
1172 1201 1309 1241 neque
1359 1185 1589 1227 intervallo
1635 1184 1848 1239 dirempta

293 1257 487 1312 iungitur
519 1259 677 1297 sextae.
834 1255 841 1262 ”

411 1325 508 1367 Etsi
541 1325 671 1367 codex
710 1325 932 1380 aliquanto
971 1328 1037 1367 est
1074 1326 1252 1368 inferior
1283 1326 1520 1369 Pithoeano
1561 1329 1604 1368 et
1634 1325 1848 1378 Remensi,

293 1401 438 1440 tamen
470 1397 698 1439 dolendum
730 1399 815 1450 est,
861 1397 972 1451 quod
1004 1400 1093 1438 tam
1131 1412 1292 1452 paucae
1331 1398 1376 1439 in
1406 1413 1454 1439 eo
1488 1400 1637 1440 extant
1662 1396 1848 1438 Phaedri

294 1469 478 1510 fabulae.
534 1467 647 1509 Nam
679 1468 878 1522 egregiae
911 1468 1077 1522 aliquot
1110 1468 1439 1522 suppeditantur
1471 1483 1520 1510 eo
1552 1467 1771 1521 lectiones,
1802 1470 1849 1508 ut

295 1540 500 1594 appareat
533 1553 627 1580 eum
660 1538 832 1580 ductum
866 1552 958 1579 esse
991 1553 1040 1579 ex
1073 1538 1341 1593 apographo,
1387 1539 1459 1594 qui
1492 1554 1587 1580 cum
1620 1552 1746 1592 saepe
1779 1552 1848 1578 ex-

294 1613 441 1664 pertus
474 1611 587 1650 esset
619 1623 769 1650 manus
801 1608 1138 1663 interpolatoris,
1171 1609 1380 1664 quaedam
1401 1613 1591 1652 servaret
1617 1609 1774 1650 rectius
1807 1610 1848 1649 et

295 1680 460 1732 melius,
494 1694 621 1734 quani
655 1679 926 1720 membranae
960 1677 1163 1721 Gallicae.

413 1750 648 1804 Aliquanto
695 1749 934 1790 accuratius
983 1753 1048 1791 est
1087 1750 1310 1792 dicendum
1352 1751 1401 1792 de
1441 1750 1597 1792 codicis
1637 1749 1849 1792 Perottini

295 1821 490 1875 exemplo
516 1820 746 1873 Vaticano,
791 1834 887 1860 cum
928 1821 1181 1874 praesertim
1220 1821 1412 1876 Angelus
1445 1821 1584 1863 Maius
1630 1821 1672 1862 in
1714 1835 1851 1862 excer-

274 1893 445 1948 -pendis
478 1892 568 1934 eius
602 1890 857 1932 lectionibus
890 1890 1065 1932 minime
1098 1905 1147 1931 ea
1182 1892 1238 1932 sit
1269 1907 1387 1946 usrm,
1420 1908 1501 1948 qua
1530 1892 1724 1945 decebat,
1756 1891 1850 1932 dili-

295 1964 459 2019 gentia3
517 1963 589 2018 qui
637 1962 741 2003 adeo
793 1976 937 2003 earum
987 1960 1171 2003 Phaedri
1226 1962 1484 2016 fabularum,
1545 1977 1652 2017 quae
1704 1964 1851 2003 extant

296 2034 339 2075 in
384 2033 599 2075 codicibus
641 2031 881 2073 Pithoeano
927 2034 969 2073 et
1007 2031 1224 2087 Remensi,
1273 2033 1446 2075 omnino
1491 2033 1654 2074 nullam
1698 2032 1853 2074 habuit

297 2119 453 2146 curam.

413 2173 553 2229 Igitur
597 2187 691 2213 cum
737 2172 865 2213 codex
912 2172 1226 2227 Neapolitanus
1278 2173 1554 2228 anthologiae
1603 2174 1851 2216 Perottinae

297 2245 469 2286 madore
503 2244 565 2285 ita
597 2247 710 2285 esset
743 2244 938 2298 affectus,
972 2246 1018 2284 ut
1050 2259 1098 2285 ex
1132 2257 1291 2299 magna
1322 2247 1443 2298 parte
1475 2244 1559 2298 legi
1587 2260 1672 2286 non
1696 2249 1853 2299 posset,

297 2314 458 2369 insigni
491 2314 645 2355 accidit
676 2314 901 2367 felicitate,
941 2317 987 2355 ut
1026 2314 1171 2357 eadem
1205 2317 1446 2355 serva-retur
1485 2314 1595 2356 libro
1628 2315 1853 2370 Vaticano,

298 2386 511 2441 quondam
543 2384 753 2427 Urbinate
786 2386 884 2439 368,
922 2386 1265 2438 membranaceo,
1307 2385 1478 2440 paginis
1511 2389 1734 2428 constante
1758 2388 1853 2430 188.

298 2456 489 2511 Scriptus
535 2458 599 2497 est
638 2456 805 2497 saeculo
843 2454 924 2496 XV
970 2455 1142 2497 finiente
1185 2456 1251 2496 vel
1291 2455 1393 2497 XVI
1436 2456 1608 2497 ineunte
1654 2457 1696 2497 in
1735 2457 1853 2511 folio,

298 2528 410 2582 quod
455 2528 593 2581 aiunt,
636 2526 923 2581 pulcherrime
968 2527 1021 2568 ab
1068 2541 1148 2568 una
1194 2541 1321 2568 manu
1360 2529 1620 2581 ornatusque
1662 2527 1851 2581 picturis.

298 2598 379 2640 Est
412 2598 658 2640 simillimus
691 2597 863 2638 0111111110
895 2597 995 2638 libri
1022 2596 1317 2651 Neapolitani,
1348 2600 1395 2638 ut
1427 2598 1481 2638 ab
1514 2597 1659 2639 eodem
1693 2601 1851 2638 utrum-

299 2684 380 2723 que
412 2671 529 2711 fonte.
568 2669 844 2723 repetendum
883 2683 974 2709 esse
1015 2671 1231 2722 apparea-t.
1317 2668 1438 2709 Dixit
1475 2668 1526 2709 (le
1566 2683 1611 2709 ca
1656 2671 1852 2710 accurat«-

300 2740 493 2795 Angelus
526 2740 666 2782 Maius
700 2741 809 2781 auct.
842 2739 964 2780 class.
997 2739 1078 2791 III,
1112 2740 1195 2780 278
1230 2755 1290 2793 sq.

418 2810 535 2852 Parti
569 2811 626 2865 01,
659 2811 699 2852 111
734 2825 817 2865 qua
851 2809 1032 2851 Phaedri
1068 2813 1166 2851 sunt
1201 2809 1388 2864 fabulae,
1438 2810 1616 2851 mirifice
1648 2811 1852 2854 disiectae

300 2882 398 2923 illae
429 2898 475 2923 ac
504 2882 715 2935 turbatae,
748 2881 1018 2936 interpositis
1046 2881 1201 2936 quippe
1229 2881 1387 2936 passim
1415 2881 1675 2924 carminibus
1696 2882 1850 2924 Aviani
