2028 3310
257 208 340 250 100
642 203 1028 242 COMMENTARIVS
1055 203 1106 238 IN
1131 202 1412 238 PHAEDRVM.

254 318 507 371 argumenta
538 314 782 355 fabularum
815 312 1002 365 exceptis
1024 311 1096 364 eis,
1129 320 1233 365 quas
1253 310 1418 351 invenit
1437 311 1543 364 ipse,
1571 310 1730 364 partim
1752 324 1801 350 ex

254 386 350 427 aliis
382 386 591 437 fontibus,
634 383 884 437 plerumque
916 381 1030 422 notis
1064 381 1307 422 etiamnunc
1339 381 1528 434 aliunde,
1559 381 1719 434 partim
1751 394 1801 421 ex

255 456 320 496 sui
339 455 548 509 temporis
575 453 781 495 memoria
812 452 946 493 traxit
971 451 1095 492 idem.
1137 450 1298 492 Babrio
1326 454 1488 504 autem,
1520 464 1647 504 quem
1663 463 1805 490 recen-

255 526 407 566 tiorem
440 539 531 566 esse
565 523 759 565 Phaedro
793 525 860 564 sat
891 523 1078 574 constat,
1109 521 1172 562 uti
1205 521 1407 562 nimirum
1437 535 1525 562 non
1554 519 1708 574 potuit.

373 594 570 636 Ceterum
602 594 672 635 vix
699 595 764 634 est
796 592 906 648 quod
939 605 1135 633 moneam
1169 606 1217 633 ea
1239 606 1345 646 quae
1365 591 1490 633 modo
1523 590 1611 632 dixi
1637 583 1688 631 de
1713 589 1805 630 fon-

253 667 369 708 tibus
402 664 587 706 Phaedri
618 678 704 705 non
734 663 875 704 minus
908 677 1035 717 quam
1077 662 1130 703 ad
1162 676 1233 703 eas
1270 661 1441 703 fabulas
1474 675 1581 716 quae
1614 661 1807 702 servatae

256 739 355 777 sunt
386 735 508 776 libris
541 735 778 777 Pithoeano
810 737 852 775 et
883 733 1086 774 Remensi
1118 732 1331 786 pertinere
1364 732 1416 773 ad
1436 731 1704 773 Perottinam
1737 744 1808 784 ap·

255 807 492 861 pendicem‚
533 820 640 861 quae
673 805 862 846 eiusdem
895 806 960 845 est
993 802 1198 855 auctoris,
1237 805 1279 843 et
1310 803 1362 843 ad
1396 816 1466 844 eas
1498 801 1668 843 fabulas
1702 815 1807 855 quas

256 878 356 932 quia
386 877 569 918 Phaedri
603 890 694 917 esse
727 874 984 916 videbantur
1015 887 1093 914 nos
1127 872 1172 913 in
1203 887 1350 914 versus
1383 871 1637 926 redegimus.

374 947 553 990 Phaedr.
588 948 626 1001 3,
658 948 698 988 4.

526 1018 681 1072 duplex
713 1016 853 1058 libelli
886 1015 961 1057 dos
995 1018 1076 1057 est:
1110 1014 1221 1069 quod
1252 1014 1387 1056 risum
1419 1016 1563 1055 movet

527 1092 569 1130 et
602 1087 713 1142 quod
744 1086 944 1141 prudenti
975 1086 1110 1127 vitam
1143 1085 1320 1127 consilio
1353 1086 1510 1126 monet.

256 1160 368 1201 Illud
408 1161 515 1212 quod
549 1173 634 1200 non
668 1157 772 1199 satis
806 1160 985 1211 apparet
1023 1159 1166 1197 utrum
1202 1170 1439 1210 pronomen
1471 1154 1545 1208 sit,
1584 1169 1656 1207 an,
1700 1153 1811 1208 quod

257 1230 396 1271 minus
429 1229 535 1270 mihi
568 1228 792 1282 probatur,
825 1226 1078 1268 coniunctio.

375 1301 432 1341 ib.
457 1301 485 1341 4
518 1299 735 1353 premente}
787 1298 850 1338 ita
887 1299 1001 1339 recte
1040 1297 1172 1351 docti3
1215 1312 1314 1339 nam
1353 1300 1400 1338 ut
1439 1295 1606 1350 aegroti
1637 1294 1813 1348 medico,

255 1386 342 1413 non
374 1371 485 1425 sani,
517 1371 578 1412 ita
611 1370 736 1411 stulti
768 1370 897 1423 egent
929 1369 1192 1423 consultore,
1224 1382 1311 1409 non
1341 1367 1590 1422 prudentes;
1622 1368 1664 1407 et
1684 1366 1813 1419 impe-

257 1442 352 1483 ritis
385 1456 525 1483 rerum
557 1441 634 1481 has
667 1439 835 1481 fabulas
869 1438 1076 1480 destinari
1108 1439 1199 1493 ipse
1232 1438 1402 1492 saepius
1435 1439 1620 1479 testatur
1651 1436 1727 1477 Ph.

379 1514 415 1566 1,
444 1513 496 1553 13
530 1513 700 1559 lacerat‚·
733 1513 886 1551 mactat
916 1509 1068 1563 Bentl„
1099 1509 1213 1550 idem
1245 1510 1313 1563 26,
1333 1509 1359 1550 2
1386 1509 1668 1556 mactandum,-
1702 1506 1813 1562 quod

257 1587 402 1625 tamen
436 1583 612 1624 verbum
645 1581 799 1622 harum
830 1579 1075 1621 fabularum
1106 1579 1294 1621 tenuitas
1326 1594 1412 1620 non
1443 1578 1608 1633 recipit.

376 1654 415 1707 2,
445 1653 497 1694 16
534 1652 605 1693 hoc
642 1652 667 1693 i.
702 1666 734 1693 e.
769 1664 895 1704 {lenus
930 1651 1149 1704 pavidum,
1194 1665 1454 1704 quamquam
1492 1664 1578 1690 non
1617 1648 1815 1702 displicet

259 1724 370 1779 quod
403 1723 575 1777 scripsit
607 1721 840 1763 Bentleius.

378 1795 494 1848 2717
528 1807 588 1841 ec‚·
633 1792 799 1833 videtur
839 1806 1005 1846 semper
1042 1791 1123 1833 hae
1162 1791 1303 1832 forma
1340 1805 1441 1832 usus
1481 1805 1572 1832 esse
1611 1793 1814 1844 sequente

245 1856 445 1907 vconsona
488 1862 726 1916 Phaedrus,
777 1865 952 1916 excepto
1000 1862 1035 1903 si
1077 1864 1327 1916 sequeretur
1368 1860 1618 1915 gutturalis3
1669 1875 1814 1914 quam-

260 1951 387 1990 quam
419 1935 550 1976 etiam
582 1933 741 1989 legitur
773 1932 856 1986 VI,
887 1933 952 1986 19,
983 1934 1001 1973 1
1040 1947 1080 1974 ee
1110 1933 1324 1987 quadrzya.

378 2008 416 2060 2,
443 2006 499 2046 20
530 2018 675 2057 supera
708 2007 755 2045 ut
788 2002 936 2045 Cicero
969 2004 1014 2044 in
1046 2003 1220 2044 Arateis
1253 2006 1296 2044 et
1326 2002 1564 2044 Lucretius,

379 2078 417 2130 52,
443 2077 498 2117 22
531 2078 717 2129 royantes
750 2078 824 2116 aut
854 2074 1147 2116 nominativus
1180 2077 1227 2115 ut
1254 2088 1380 2128 saepe
1402 2072 1556 2114 Graeci
1577 2073 1693 2115 velut
1713 2072 1816 2115 Xen.

260 2149 300 2189 h.
321 2147 393 2189 Gr.
413 2147 493 2201 VI,
519 2148 558 2200 4,
585 2147 642 2187 20
679 2142 787 2200 πρὸς
815 2142 992 2187 Ἰάσονα
1037 2146 1228 2199 ἔπεμπον
1269 2145 1313 2186 οἱ
1343 2145 1529 2198 Θηβαῖοι
1567 2141 1818 2193 κελεύοντες

260 2221 467 2273 βοηθεῖν;
512 2217 567 2258 ib.
596 2217 633 2269 ἴ),
655 2217 699 2269 8;
732 2219 806 2257 aut
838 2216 1107 2258 accusativus
1140 2231 1217 2270 pro
1250 2218 1476 2268 royatnros,
1508 2217 1554 2255 ut
1574 2213 1705 2268 Verg.
1726 2228 1817 2255 aen.

261 2290 316 2344 ΙΙ,
346 2290 440 2342 114,
467 2289 494 2329 5
538 2288 796 2340 Eurypylum
838 2288 1049 2329 scitantem
1092 2287 1257 2328 oracula
1302 2285 1454 2327 Phoebi
1497 2285 1718 2333 mittimus,·
1760 2284 1817 2325 ib.

261 2360 342 2414 VI,
368 2360 465 2401 392.

380 2432 418 2483 2,
445 2430 499 2470 23
651 2428 817 2470 inutilis
851 2428 1053 2483 quoniam
1087 2431 1199 2469 esset
1232 2427 1304 2482 qui
1337 2428 1478 2469 fuerat
1509 2426 1646 2468 datus.

262 2505 365 2543 nota
385 2499 627 2541 Phaedrum
659 2513 745 2541 non
778 2499 841 2540 uti
873 2497 1085 2552 particula
1116 2498 1310 2550 quoniam
1343 2513 1419 2539 nec
1448 2497 1587 2552 magis
1621 2497 1682 2538 eis
1709 2511 1816 2551 quae

264 2575 361 2613 sunt
393 2571 566 2624 qnando,
596 2569 915 2623 quandoquidem
956 2569 1037 2609 nisi
1076 2568 1119 2609 in
1161 2569 1429 2610 orationibus
1468 2571 1542 2610 aut
1573 2568 1616 2608 in
1649 2582 1817 2622 promy·

264 2643 368 2684 thiis
402 2643 490 2683 sive
523 2640 786 2695 epimythiis,
826 2639 969 2694 potuit
1001 2639 1133 2693 igitur
1166 2654 1215 2680 ea
1248 2640 1378 2681 etiam
1411 2639 1490 2681 hoc
1522 2639 1615 2679 loco
1637 2638 1818 2691 servari;

266 2714 336 2754 sod
371 2718 514 2754 tamen
544 2712 682 2766 magis
710 2712 852 2766 placet
885 2711 925 2752 id
952 2711 1062 2764 quod
1089 2711 1271 2752 coniecit
1297 2711 1495 2763 Zornius,
1526 2708 1685 2763 partim
1718 2707 1818 2762 quia

266 2789 329 2826 est
361 2785 499 2826 oratio
538 2783 731 2837 obliqua,
775 2797 859 2824 non
893 2785 1027 2835 recta,
1069 2781 1226 2834 partim
1260 2781 1359 2835 quia
1393 2781 1562 2822 unicum
1595 2779 1816 2833 anapaesti

267 2856 307 2895 in
341 2856 469 2896 tertio
502 2855 606 2909 pede
641 2855 700 2895 sic
742 2853 914 2894 formati
947 2856 1013 2893 est
1046 2853 1307 2906 exemplum:
1340 2851 1517 2905 spondei
1550 2849 1739 2904 quidem,
1771 2853 1818 2890 ut

266 2927 369 2968 alibi
406 2927 487 2966 iam
522 2927 815 2977 ιιιυυιυιῖιῒιιιιιι,
848 2924 1048 2965 similiter
1068 2923 1364 2965 delitescentes
1394 2923 1434 2963 in
1456 2921 1540 2962 arsi
1563 2920 1680 2974 podis
1703 2920 1817 2961 tertii
