2028 3310
219 232 282 266 DE
302 230 504 266 FABVLIS
526 231 589 265 Ex
609 231 844 265 PEDESTRI
866 230 1003 265 SERM.
1026 231 1227 265 TRANSL.
1252 231 1299 264 IN
1320 231 1517 267 VERSVS.
1568 232 1719 266 xxxlx

171 339 344 393 honore,
378 353 501 393 quem
535 339 690 379 iniuria
721 338 988 391 obtinebant,
1020 339 1175 392 depuli.
1239 338 1416 380 Tamen.
1449 354 1501 380 ne
1533 339 1720 393 iniquius

170 409 316 450 videar
347 409 555 450 iudicasse
587 409 637 450 de
670 409 736 448 his
770 409 884 461 viris,
916 409 1119 462 profitem·
1151 409 1321 451 eosdem
1354 411 1528 463 excepto
1550 409 1721 463 quidem

170 479 411 532 Dresslero,
457 479 527 533 qui
560 479 630 519 vix
664 478 893 533 quidquam
926 479 1126 532 profecit,
1170 483 1218 520 ut
1255 483 1377 521 erant
1418 480 1523 520 satis
1567 479 1721 520 imbuti

170 549 352 591 lect-ione
390 549 591 602 Phaedri,
636 549 843 603 quaedam
883 549 1113 602 protulisse
1153 549 1325 590 minime
1363 550 1531 591 inficeta
1571 552 1613 591 et
1649 564 1721 603 po-

169 620 303 661 tuisse
340 634 537 674 promere
575 620 711 660 multo
744 619 888 673 plura,
926 619 1010 659 nisi
1042 619 1174 660 nimia
1207 623 1440 661 metrorum
1481 620 1723 661 obstitisset

169 689 397 743 imperitia.
459 689 541 738 Qui
573 689 647 730 ubi
681 703 827 730 versus
860 690 933 729 aut
965 688 1197 742 particulas
1231 703 1429 730 versuum
1456 690 1722 744 praebebant

169 760 291 810 tales,
323 762 370 801 ut
402 759 633 813 Phaedrus,
666 759 701 800 si
734 759 786 800 ab
820 759 968 799 inferis
1001 762 1261 812 resurgeret,
1295 763 1407 801 certe
1441 760 1628 814 aliquam
1662 761 1721 801 in-

169 830 278 872 dolis
321 844 422 872 suae
461 830 645 884 speeiem
683 830 728 870 in
766 830 826 870 eis
871 832 1018 883 posset
1059 841 1308 883 agnoscere,
1352 828 1504 871 horum
1549 831 1722 872 inventa

170 901 338 942 servavi
369 915 505 955 neque
537 900 655 941 inani
687 899 927 941 invertendi
960 915 1025 952 ea,
1060 913 1166 953 quae
1193 899 1328 953 proba
1348 904 1487 950 erant,
1520 901 1720 954 abreptus

170 986 262 1012 sum
295 971 494 1025 gloriola.
556 971 778 1023 Attamen,
809 984 861 1011 ne
894 970 1022 1010 nimis
1055 970 1190 1010 multa
1224 985 1290 1010 me
1323 970 1376 1011 ab
1411 970 1471 1011 eis
1505 971 1721 1013 existimes

171 1044 429 1090 mutuatum,
463 1040 705 1082 adscribam
737 1040 942 1080 fabellam
974 1040 1024 1080 de
1045 1039 1195 1080 ovibus
1225 1043 1267 1080 et
1287 1039 1418 1093 lupis,
1450 1041 1589 1094 qualis
1621 1042 1724 1095 legi-

169 1114 239 1151 tur
271 1111 383 1164 apud
415 1110 686 1151 Dresslerum
720 1109 833 1165 (app.
859 1110 920 1164 II,
947 1111 1040 1165 20¹1:

382 1180 492 1222 Oves
525 1181 696 1235 lupique
729 1195 823 1222 cum
856 1184 1090 1222 certassent
1122 1182 1299 1236 proelio,

381 1251 487 1292 Illae
519 1251 713 1292 vicerunt
744 1255 864 1293 tutae
896 1252 1108 1306 praesidio
1142 1267 1307 1294 canum,

381 1321 489 1376 Lupi
522 1322 688 1376 legatos
722 1322 931 1364 miserunt·
962 1337 1110 1377 pacem
1145 1324 1228 1365 sibi

383 1392 495 1445 Lege
528 1392 607 1433 hac
639 1394 851 1447 petentes,
886 1398 933 1434 ut
966 1408 1065 1435 oves
1097 1393 1299 1434 dederent
1331 1408 1456 1435 canes

381 1462 438 1503 Et
469 1463 638 1504 obsides
672 1463 869 1517 luporum
903 1464 1069 1505 catulos
1102 1464 1351 1518 reciperent.
1703 1477 1722 1506 5

381 1534 492 1575 Oves
525 1536 699 1574 aeterna
732 1534 792 1575 sic
825 1537 1046 1588 sperantes
1078 1534 1247 1576 foedera

382 1602 481 1645 Sese
513 1604 752 1653 iuncturas,
786 1605 997 1658 fecerunt,
1030 1604 1141 1659 quod
1173 1605 1399 1659 petierant.

381 1675 485 1716 Post
518 1675 646 1729 paulo
681 1689 775 1716 cum
808 1675 1050 1729 coepissent
1081 1675 1245 1716 ululare
1279 1677 1421 1731 catuli,

381 1745 507 1800 Lupi,
539 1747 681 1788 vexari
716 1749 962 1788 caussantes
994 1749 1119 1788 natos
1153 1761 1252 1788 suos

382 1815 618 1871 Pacemque
651 1822 822 1871 ruptam
855 1818 908 1859 ab
943 1817 1107 1867 ovibus,
1139 1817 1322 1872 undique
1355 1818 1517 1872 impetu
1682 1829 1723 1859 10

381 1887 593 1929 Invadunt
625 1887 738 1929 facto
771 1888 906 1929 nudas
939 1888 1253 1941 defensoribus3
1647 1878 1654 1885 ⁶

382 1957 531 1999 Fidem
566 1973 673 2012 quae
706 1958 864 2000 stultae
898 1958 1010 2012 quod
1042 1958 1283 2000 habuerant
1314 1958 1523 2009 hostibus,

382 2027 622 2070 Consilium
654 2044 748 2070 sera
780 2029 985 2070 damnant
1016 2029 1293 2082 poenitentia.

381 2098 666 2152 Praesidium,
699 2114 781 2154 quo
815 2099 908 2153 quis
942 2099 1045 2140 olim
1078 2103 1193 2141 tutus
1227 2100 1405 2153 vixerat,

381 2169 426 2211 Si
458 2169 600 2211 tradat
633 2170 749 2223 aliis,
780 2170 943 2211 frustra
975 2173 1073 2223 post
1105 2170 1330 2211 desiderat.
1681 2182 1722 2211 15

287 2240 380 2282 Hoc
413 2255 585 2282 carmen
617 2255 712 2282 cum
745 2240 801 2280 sit
832 2240 944 2280 inter
975 2239 1154 2281 meliora
1188 2255 1236 2281 ex
1263 2240 1341 2293 eis,
1375 2240 1547 2293 quaein
1568 2255 1722 2294 appen-

168 2311 331 2352 dicibus
364 2310 405 2351 II
438 2315 479 2352 et
512 2310 576 2352 III
614 2311 815 2365 leguntur
853 2309 964 2364 apud
997 2309 1287 2364 Dresslerum,
1330 2310 1473 2360 facile,
1518 2314 1564 2350 ut
1606 2314 1723 2364 puto,

169 2381 355 2422 sentient
387 2382 534 2435 periti,
567 2384 772 2435 quantum
806 2396 828 2421 a
857 2379 1039 2421 Phaedri
1073 2383 1163 2421 arte
1194 2380 1434 2435 discrepent
1466 2381 1692 2422 deteriora.

288 2450 486 2493 Ceterum
518 2455 688 2505 praeter
719 2466 992 2493 numerorum
1031 2451 1225 2492 modulos
1262 2451 1307 2491 in
1345 2451 1439 2505 ipsa
1477 2451 1722 2492 narratione

170 2523 306 2564 multa
343 2523 515 2564 fuerunt
553 2523 775 2573 mutanda,
819 2526 864 2563 ut
897 2537 1004 2577 quae
1038 2522 1144 2563 satis
1178 2522 1359 2563 verbosa
1396 2521 1647 2575 plerumque
1680 2525 1722 2562 et

170 2593 364 2647 elumbis,
396 2594 618 2647 magisque
650 2593 947 2647 paraphrastis
980 2592 1184 2646 Phaedri,
1228 2607 1303 2647 per
1344 2591 1530 2633 medium
1572 2607 1722 2633 aevum

171 2665 243 2719 qui
276 2664 463 2718 fuerimt,
505 2680 631 2719 quam
671 2665 764 2718 ipso
796 2665 990 2706 Phaedro
1029 2668 1141 2705 esset
1173 2664 1315 2718 digna.
1374 2663 1463 2704 Nec
1497 2662 1615 2703 derat
1646 2661 1719 2703 ubi

172 2739 244 2776 aut
276 2735 525 2790 promythia
558 2740 631 2777 aut
663 2735 900 2789 epimythia.
939 2736 1066 2776 aliter
1104 2734 1363 2776 instituenda
1404 2747 1495 2774 esse
1534 2732 1723 2773 videren-

170 2810 252 2859 tur,
284 2821 378 2848 eum
410 2807 573 2860 priores
607 2806 718 2847 haud
752 2821 848 2847 raro
882 2808 1138 2861 argumenta
1169 2805 1412 2845 fabularum
1451 2818 1601 2857 parum
1634 2817 1724 2856 per-

172 2877 423 2931 spexissent.
485 2876 712 2918 Praeterea
759 2875 808 2917 de
849 2876 1062 2917 Androelo
1104 2874 1291 2915 fabulam
1336 2888 1384 2915 ex
1424 2872 1551 2914 Gellii
1588 2873 1636 2926 V,
1672 2874 1723 2913 14

172 2948 432 2989 correximus
466 2950 506 2988 et
540 2946 845 3000 supplevimus.

1394 3014 1440 3048 υ*
