2028 3310
295 185 415 220 XXVI
958 181 1115 216 CAPVT
1143 181 1186 215 II.

413 291 566 334 Restat
603 305 686 332 una
722 304 790 331 res
828 288 1035 330 memoria
1071 288 1212 342 digna.
1264 287 1421 328 etenim
1460 300 1554 327 cum
1585 286 1630 327 in
1662 286 1846 340 epistula

298 362 350 404 ad
381 362 586 403 Mannum
617 361 763 401 narret
794 359 995 400 Perottus
1032 358 1159 400 huius
1198 372 1328 412 opera
1365 357 1598 398 versiculos
1630 370 1728 397 suos
1761 356 1844 397 col-

297 433 432 474 lectos
465 435 508 473 et
539 431 770 486 dispositos
801 430 846 471 in
876 429 1088 483 libellum,
1119 429 1162 470 in
1196 443 1262 483 ea,
1294 442 1400 483 quae
1433 427 1534 469 data
1566 429 1632 468 est
1662 426 1715 467 ad
1743 426 1846 481 Pyr·

296 504 421 545 rhum
465 517 489 544 a
527 504 663 543 semet
706 502 799 555 ipso
836 500 964 542 huius
1002 499 1046 541 in
1083 513 1185 540 usus
1231 498 1431 541 collectas
1475 498 1642 539 fabulas
1687 496 1846 550 Aesopi

297 573 535 628 Avienique
563 575 605 613 et
629 571 831 624 Phaedri,
863 570 1020 612 additis
1050 584 1175 624 saepe
1205 568 1425 611 versiculis
1446 567 1648 622 propriis,
1680 567 1847 608 diversa

297 645 402 686 haec
446 642 696 686 testimonia
740 656 821 697 quo
869 641 981 682 inter
1019 655 1064 682 se
1102 639 1345 681 concinnari
1388 639 1554 693 possint
1590 641 1717 692 pacto
1763 652 1846 678 non

299 715 440 769 video,
472 714 552 756 nisi
587 713 861 756 statuerimus
895 711 1094 766 syllogen
1125 709 1274 751 Maimi
1311 709 1466 750 iterum
1499 724 1524 749 a
1555 708 1729 749 Perotto
1763 707 1847 748 edi-

299 789 405 838 tam,
438 784 614 826 adiectis
647 784 699 825 ad
732 783 1046 839 epigrammata
1070 781 1204 836 ipsius
1226 779 1384 821 fabulis
1405 779 1590 820 Phaedri
1616 782 1660 820 et
1679 778 1848 820 Aviani.

299 855 459 898 Tamen
490 855 552 896 ita
582 869 649 896 res
682 854 839 895 habeat
871 868 924 894 an
956 852 1096 906 aliter,
1128 866 1277 906 parum
1311 851 1500 892 interest.
1694 849 1698 852 ⁴

415 925 508 967 Iam
541 925 710 967 etiamsi
743 924 922 965 collatus
954 923 1089 964 denuo
1115 923 1225 964 liber
1248 921 1493 963 Perottinus
1513 918 1849 961 Mendelssohnii

299 998 411 1039 curis
443 1011 595 1050 parum
626 995 787 1050 profuit
819 994 871 1035 ad
902 993 1114 1034 tollendas
1147 991 1330 1033 Phaedri
1362 991 1604 1032 fabularum
1636 992 1850 1043 corrupte-

299 1068 382 1122 las,
414 1067 597 1108 multum
628 1068 775 1107 tamen
805 1063 1007 1118 prodesse
1040 1062 1347 1104 existimandus
1380 1064 1445 1103 est
1470 1064 1622 1115 poetae
1654 1060 1763 1101 hanc
1795 1059 1848 1100 ob

299 1152 489 1191 causam,
521 1136 632 1191 quod
664 1135 746 1177 iam
782 1136 898 1176 certo
931 1133 1254 1187 comprobatum
1288 1135 1369 1186 est,
1401 1146 1453 1173 ne
1479 1132 1524 1172 in
1550 1130 1736 1185 antiquis
1761 1130 1850 1184 qui-

299 1208 395 1250 dem
426 1207 611 1250 Phaedri
641 1205 801 1247 fabulis
833 1204 1039 1245 maiorem
1078 1203 1166 1245 eius
1206 1217 1298 1244 esse
1330 1202 1474 1255 fidem,
1518 1215 1647 1255 quam
1689 1200 1735 1242 in
1779 1200 1850 1251 eis,

299 1293 404 1332 quas
438 1277 553 1319 solus
587 1276 772 1318 exhibet.

417 1348 481 1390 Ac
518 1347 704 1407 primum
743 1345 914 1400 quidem
950 1347 1169 1398 notamus,
1214 1342 1325 1398 quod
1368 1342 1414 1384 in
1453 1341 1756 1384 dissertatione
1800 1342 1850 1383 de

298 1419 483 1461 Phaedri
522 1420 565 1460 et
596 1417 754 1459 Aviani
792 1416 951 1458 fabulis
993 1415 1156 1470 scripta
1192 1414 1404 1469 suspicari
1441 1428 1508 1455 me
1545 1414 1631 1454 dixi
1665 1413 1850 1468 gpg.14{)

300 1488 546 1545 appendicis
587 1487 836 1530 Perottinae
880 1487 1049 1529 fabulae
1082 1486 1138 1528 30
1171 1501 1208 1527 v.
1234 1486 1259 1527 3
1293 1485 1423 1527 etiam
1442 1484 1701 1526 Vaticanum
1743 1482 1851 1524 codi-

299 1575 390 1602 cem
429 1559 628 1602 exhibere
668 1557 795 1599 ‘forte
833 1556 1032 1599 occurrit'
1069 1571 1147 1611 pro
1181 1555 1307 1598 ‘forte
1341 1553 1605 1608 occucurrit’,
1645 1553 1687 1595 id
1724 1553 1851 1608 plane

299 1630 541 1673 confirmari
575 1629 802 1671 collatione
833 1627 1248 1670 Mendelssohniana.

416 1700 507 1742 Iam
552 1700 759 1742 allaturus
806 1714 898 1740 sum
943 1698 1147 1753 quasdam
1192 1697 1348 1739 codicis
1386 1695 1587 1737 Vaticani
1635 1695 1854 1751 lectiones,

300 1774 520 1826 excerptas
553 1770 650 1812 illas
683 1785 732 1811 ex
765 1769 889 1810 libris
922 1768 1107 1810 Phaedri
1138 1767 1180 1809 II
1213 1771 1256 1809 et
1287 1766 1369 1821 III,
1410 1766 1540 1808 etiam
1578 1766 1646 1808 his
1678 1768 1726 1808 ut
1758 1781 1853 1808 con-

300 1844 492 1885 firmetur
524 1841 822 1895 anthologiam
847 1838 1132 1892 Perottinam‚
1165 1852 1422 1893 quamquam
1456 1840 1580 1891 aptas
1613 1836 1777 1891 aliquot
1811 1839 1853 1878 et
1901 1849 1905 1854 ·

272 1920 324 1956 'a
356 1913 502 1954 fraude
547 1911 707 1953 alienas
747 1910 924 1964 praebet
967 1909 1221 1963 scripturas,
1271 1907 1382 1963 quod
1429 1907 1598 1963 quidem
1641 1907 1686 1948 in
1729 1909 1853 1948 tanta

300 1999 443 2026 eorum
489 1982 560 2038 qui
600 1981 885 2023 Pithoeanum
930 1980 1089 2021 librum
1128 1982 1171 2020 et
1208 1979 1463 2021 Remensem
1508 1980 1735 2020 exararunt
1778 1978 1853 2019 im-

301 2054 457 2108 peritia
495 2068 542 2094 ac
576 2053 768 2094 socordia
805 2065 892 2093 11011
933 2053 999 2092 est
1037 2050 1209 2104 mirum,
1258 2052 1490 2102 tamenex
1529 2048 1690 2090 maiore
1727 2049 1852 2104 longe

300 2127 420 2179 parte
452 2123 561 2165 nihil
596 2122 887 2176 suppeditare,
932 2137 1015 2176 quo
1047 2121 1241 2162 iuveniur
1274 2120 1325 2161 ad
1356 2118 1538 2160 Phaedri
1570 2119 1701 2160 verba
1733 2119 1854 2160 resti·

300 2195 475 2249 tuenda,
508 2193 795 2235 abundantem
829 2192 986 2246 quippe
1019 2195 1062 2232 et
1082 2190 1337 2245 corruptelis
1358 2190 1640 2244 ineptissimis
1661 2193 1704 2231 et
1723 2190 1852 2232 inter-

300 2264 591 2320 polationibus
624 2278 708 2305 non
741 2263 882 2303 minus
915 2261 1123 2314 absurdis,
1156 2262 1225 2303 vix
1252 2261 1346 2315 plus
1372 2264 1419 2301 ut
1445 2260 1638 2302 conferat
1659 2260 1852 2302 Phaedro

300 2351 428 2392 quam
449 2335 619 2376 Tibullo
640 2336 841 2388 excerpta
862 2333 1071 2388 gnomica.
1117 2331 1316 2374 Ceterum
1344 2332 1564 2387 utriusque
1584 2331 1679 2373 vitii
1701 2346 1852 2374 causae

301 2410 344 2449 et
364 2406 552 2462 origines
583 2405 834 2459 plerumque
866 2407 955 2445 tam
988 2406 1088 2445 sunt
1108 2403 1379 2457 manifestae,
1413 2404 1573 2444 aversis
1601 2402 1712 2458 quod
1733 2402 1853 2444 aiunt

300 2478 437 2520 Musis
477 2479 604 2519 natus
644 2490 736 2518 esse
774 2478 822 2516 ut
861 2475 918 2516 sit
956 2474 1284 2527 existimandus,
1335 2474 1407 2528 qui
1449 2474 1636 2516 codicem
1668 2473 1851 2515 Perotti·

300 2563 402 2590 num
434 2563 578 2602 parem
613 2549 687 2588 aut
719 2546 904 2588 similem
937 2545 1076 2599 pretio
1109 2545 1231 2586 libris
1258 2545 1438 2586 Gallicis
1470 2544 1681 2586 habuerit.
1732 2545 1852 2594 Quod

302 2634 396 2661 cuni
441 2619 503 2660 ita
545 2619 619 2673 sit,
670 2619 848 2673 apparet
889 2617 1136 2657 testimonia
1182 2617 1271 2657 cius
1317 2616 1447 2657 etiam
1491 2616 1551 2657 ibi
1602 2630 1694 2657 csse
1737 2618 1854 2670 post-

301 2691 512 2745 habenda,
558 2690 629 2731 ubi
667 2689 894 2742 lectiones,
941 2703 1047 2742 quae
1081 2703 1129 2728 eo
1163 2687 1435 2739 exhibentur,
1479 2687 1591 2728 haud
1631 2686 1853 2728 inferiores

303 2762 389 2803 sint
422 2761 615 2803 bonitate
647 2761 869 2815 scripturis
904 2759 1128 2801 pithoeani
1168 2758 1266 2799 libri
1307 2757 1372 2799 vel
1407 2757 1626 2799 Remcnsis
1669 2760 1712 2798 et
1750 2757 1854 2800 adeo

303 2833 362 2874 eis
407 2834 449 2874 in
494 2833 616 2886 locis,
665 2832 735 2873 ubi
775 2831 887 2873 haud
929 2830 1055 2871 dubis·
1099 2829 1336 2883 scripturae
1380 2829 1422 2870 in
1467 2828 1613 2870 eodem
1658 2830 1856 2883 prostant

303 2904 520 2957 meliores,
553 2919 624 2944 eas
659 2902 928 2957 potissimum
963 2916 1053 2945 esse
1087 2899 1367 2954 recipiendas,
1400 2915 1506 2954 quae
1529 2899 1593 2940 vel
1615 2899 1704 2941 sine
1726 2912 1855 2940 mem·
