2028 3310
592 216 802 251 PIIAEDRI
832 216 1052 251 FABVLAE
1080 217 1260 252 NOVAE.

362 325 584 380 Opimiora
615 339 782 379 semper
812 324 994 379 praedae
1027 339 1274 380 suggerens.

362 395 553 437 Tandem
585 396 730 448 homo,
762 395 925 436 ferinae
956 395 1068 436 vitae
1101 399 1243 437 motus
1275 396 1429 449 taedio,

361 466 428 507 Ad
461 466 645 507 cultiora
676 465 844 506 rettulit
875 480 967 506 sese
1000 465 1105 507 loca.

363 535 571 590 Brevique
599 539 747 590 captus
774 537 902 589 atque
928 535 973 576 in
998 536 1148 577 urbem
1174 537 1380 578 abductus
1408 540 1474 578 est

363 607 427 648 Ad
453 606 684 660 dominum,
711 607 782 661 qui
808 606 975 647 curavit
1002 606 1186 647 dandum
1213 607 1264 648 ad
1292 607 1465 649 bestias.

361 676 632 730 Spectaelum
663 677 708 718 in
740 677 853 718 circo
886 677 1171 731 praebebatur
1202 678 1448 730 maximum,

360 746 534 801 Insigne
568 747 803 789 bestiarum
837 750 877 788 et
912 762 1088 789 numero
1123 750 1166 788 et
1198 748 1372 800 viribus,

362 818 476 867 Quas
510 833 656 860 omnes
690 834 796 860 unus
829 818 1015 860 multum
1047 818 1247 860 vincebat
1281 819 1360 872 leo,

360 889 566 930 Immanis
601 889 739 943 specie
774 892 815 930 et
847 888 969 930 vultu
1001 888 1218 930 feritatem
1251 888 1455 930 indicans.

362 959 443 1008 Qui
476 974 597 1001 servo
631 959 848 1001 immissus
882 959 1025 1001 subito
1048 957 1270 1001 'continuit
1300 958 1465 1014 pedem,

362 1030 576 1084 Stetitque
610 1030 727 1071 velut
759 1029 994 1084 admirans3
1028 1033 1120 1071 tum
1151 1029 1318 1084 placido
1352 1029 1489 1084 gradu

362 1101 556 1142 Accessit
589 1104 630 1141 et
663 1099 890 1154 permulsit
922 1100 1069 1155 lingua
1101 1100 1255 1142 leniter

361 1171 451 1212 Iam
484 1170 748 1212 semivivum.
800 1170 880 1219 Qui
914 1170 1041 1212 simul
1075 1170 1219 1225 posuit
1253 1174 1403 1224 metus,

362 1242 546 1282 Leonem
580 1241 768 1296 agnovit,
801 1257 931 1296 opera
963 1245 1160 1283 sanatum
1193 1257 1281 1295 sua,

361 1312 507 1353 Etiam
541 1325 664 1366 quem
696 1311 877 1353 Romam
911 1315 1101 1353 traxerat
1133 1312 1376 1366 captivitas.

361 1382 561 1424 Advertit
593 1382 758 1423 animos
790 1382 898 1423 mira
929 1396 997 1423 res
1031 1382 1335 1436 spectantium3

361 1452 431 1494 Fit
463 1453 609 1506 populi
643 1453 823 1506 clamor,
855 1453 945 1506 ipse
978 1452 1272 1494 misericordia

362 1522 519 1565 Caesar
549 1526 771 1577 permotus
804 1524 1021 1565 hominem
1054 1524 1106 1565 ad
1140 1538 1183 1564 se
1215 1524 1310 1565 duci
1342 1524 1461 1564 iubet

362 1592 580 1648 Casnsque
614 1594 792 1648 quaerit.
842 1593 958 1643 Quos
991 1597 1038 1635 ut
1071 1593 1244 1634 edoctus
1276 1594 1372 1646 fuit,

361 1663 549 1705 Poenam
582 1664 747 1705 remisit
779 1664 942 1706 cunctis
975 1656 1343 1718 applaudentibus,

363 1733 498 1776 Simul
531 1738 572 1775 et
603 1735 768 1776 leonem
800 1736 966 1776 muneri
999 1750 1119 1777 servo
1152 1735 1278 1777 dedit.

363 1805 446 1854 Qui
477 1805 738 1859 gratulantis
770 1806 881 1846 inter
913 1805 1087 1859 plausus
1120 1806 1304 1860 agminis

362 1875 518 1917 Totam
550 1889 626 1929 per
658 1876 807 1917 urbem
839 1876 999 1930 populo
1032 1876 1291 1917 monstravit
1323 1875 1472 1918 ferum.

435 1993 548 2043 Quot
575 1993 679 2035 vicit
702 1993 898 2036 homines
926 1993 1068 2035 animo
1096 1993 1275 2034 memori
1302 1993 1407 2035 haee
1434 1994 1577 2035 belua!

903 2160 951 2201 X.

457 2231 724 2274 Pncvnns,
751 2231 894 2263 Avns
921 2231 990 2263 ET
1015 2230 1402 2277 vnsPER‘rrmo.

595 2300 714 2343 (Rom.
742 2300 809 2342 III,
831 2305 862 2335 4.
913 2300 973 2335 Dr.
1001 2311 1084 2344 app.
1113 2300 1162 2343 ΙΙ,
1187 2301 1254 2343 17.)

433 2371 605 2413 Bellum
638 2372 844 2427 gerebant
876 2372 1057 2426 pecudes
1091 2387 1184 2414 cum
1218 2372 1474 2426 volucribus,

363 2443 421 2485 Et
453 2443 581 2484 dubia
613 2457 739 2497 saepe
772 2443 1054 2485 conserebant
1084 2443 1259 2497 proelia.

363 2515 423 2556 At
454 2513 724 2568 vespertilio,
754 2514 896 2555 varios
928 2517 1103 2555 eventus
1135 2515 1305 2567 timens,

363 2585 424 2627 Vt
454 2585 604 2640 cuique
636 2584 773 2626 maior
805 2599 900 2638 spes
934 2587 1025 2626 erat
1057 2585 1273 2638 victoriae,

362 2655 490 2698 Modo
522 2655 634 2709 huic,
666 2655 791 2696 modo
823 2654 887 2696 illi
918 2655 1033 2709 parti
1067 2670 1159 2696 sese
1192 2655 1435 2697 immiscuit.

363 2725 413 2767 In
444 2726 560 2780 pacis
594 2739 689 2767 cum
721 2725 932 2767 redissent
962 2725 1170 2767 bellantes
1205 2729 1377 2777 statum,

363 2797 602 2838 Damnatus
635 2795 709 2837 ille
740 2796 994 2850 proditionis
1029 2796 1203 2837 crimine

365 2866 557 2921 Vtraque
591 2881 615 2907 a
648 2869 775 2920 gente
807 2870 849 2907 et
881 2866 926 2907 in
959 2868 1210 2920 perpetuum
1243 2866 1439 2908 exclusus
1472 2869 1548 2909 est.

364 2937 432 2980 Ita
465 2937 581 2980 solus
614 2937 751 2980 caecis
784 2937 979 2981 noctibus
1013 2951 1181 2995 semper
1212 2937 1340 2981 volat.

1643 218 1696 257 91

1656 335 1700 365 30

1663 1039 1701 1069 w

1659 1392 1702 1421 45

1659 1745 1704 1774 50
