2028 3310
265 179 321 221 88

723 179 937 214 PHAEDRI
962 178 1185 212 FABVLAE
1211 177 1389 212 NOVAE.

477 287 613 341 Super
645 287 872 327 cubantem
903 286 1015 326 forte
1047 285 1161 326 saltu
1192 285 1379 326 transiit.

475 354 814 410 Expergefaetus
848 369 973 408 quem
1004 354 1071 395 leo
1104 355 1232 396 celeri
1262 354 1427 408 impetu

477 425 714 480 Corripuit:
746 425 819 466 ille
853 425 976 470 venia
1007 425 1158 467 donari
1188 427 1327 480 rogat,

475 496 641 538 Invitus
674 496 786 550 quod
817 498 1036 550 peccasset
1065 496 1364 550 imprudentia.

476 567 582 621 Leo,
613 580 776 607 murem
809 566 955 608 ulcisci
982 567 1219 621 gloriosum
1249 581 1335 609 non
1366 570 1534 621 putans,

476 637 654 679 Dimisit
684 637 956 692 impunitum.
1005 637 1111 678 Post
1141 651 1299 691 paucos
1333 637 1422 679 dies

476 708 526 749 In
559 723 697 749 casses
728 710 859 749 noctu
891 707 991 748 dum
1024 710 1206 762 vagatur
1237 707 1405 748 decidit.

477 778 671 833 Agnovit
703 781 751 819 ut
783 793 827 819 se
859 779 1049 832 captum,
1081 792 1182 818 voce
1214 778 1400 819 maxima

479 848 641 903 R-ugire
673 848 830 903 eoepit3
864 848 982 889 cuius
1015 848 1247 889 immanem
1279 848 1331 889 ad
1363 863 1514 889 sonum

479 918 655 960 Accurit
686 933 779 959 mus
812 920 855 959 et
887 917 986 959 enon
1019 921 1095 972 est,
1128 918 1238 972 quod
1270 917 1440 960 timeas'
1473 919 1551 973 ait3

478 989 592 1030 ‘Tibi
626 991 769 1043 grates
802 988 976 1030 reddam
1009 991 1183 1043 aceepto
1215 989 1397 1030 benficio
1431 987 1589 1044 pares’3

481 1060 699 1114 Simulque
731 1074 862 1101 nexus
896 1059 1029 1101 oculis
1061 1060 1265 1101 lustravit
1296 1060 1470 1115 plagae3

480 1130 610 1172 Cuius
644 1145 787 1171 secare
820 1144 973 1171 nervos
1006 1130 1147 1184 eoepit
1178 1130 1392 1185 dentibus,

479 1201 753 1255 Tandemque
787 1200 917 1242 solvit
948 1203 1068 1242 artus
1100 1200 1288 1255 ingentis
1322 1201 1414 1242 feri.

481 1270 550 1313 Sic
582 1287 675 1312 mus
707 1271 877 1312 leonem
909 1273 1082 1325 captum
1115 1271 1236 1312 silvis
1269 1271 1463 1313 reddidit.

550 1342 714 1396 Nequis
741 1341 928 1383 minores
955 1344 1140 1395 spernat,
1167 1342 1408 1396 exemplum
1434 1342 1515 1384 hoc
1541 1346 1670 1385 vetat.

1024 1482 1074 1524 V.

751 1555 966 1588 MILVVS
992 1554 1346 1588 AEGRO'I'ANS.

735 1623 854 1666 (Rom.
883 1623 914 1666 I,
937 1626 989 1657 18.
1041 1624 1101 1658 Dr.
1129 1634 1213 1668 app.
1241 1624 1292 1668 11,
1316 1625 1359 1667 1.)

552 1696 713 1738 Multos
746 1711 841 1737 eum
873 1711 1041 1737 menses
1074 1698 1343 1750 aegrotasset
1375 1695 1533 1737 miluus

482 1767 541 1808 Et
572 1767 642 1807 vix
675 1766 837 1807 videret
870 1781 962 1808 esse
995 1781 1114 1820 spem
1147 1766 1260 1808 vitae
1293 1766 1389 1820 sibi,

482 1837 667 1878 Matrem
700 1837 902 1891 rogabat,
936 1851 1056 1878 sacra
1089 1837 1248 1879 circum
1279 1837 1363 1878 iret
1395 1837 1502 1891 loca,

482 1907 542 1949 Et
573 1922 650 1962 pro
684 1906 821 1948 salute
854 1910 956 1949 vota
986 1908 1148 1949 faceret
1180 1908 1270 1949 filii.

482 1978 669 2032 Faciam,
695 1977 851 2032 inquit3
879 1978 951 2020 sed
978 1993 1101 2033 opem
1129 1993 1278 2020 vereor
1303 1993 1355 2020 ne
1382 1993 1468 2029 non
1493 1979 1730 2035 impetrem.

484 2050 582 2103 Qui,
616 2064 709 2090 eum
744 2049 922 2103 valeres,
953 2050 1098 2092 clivum
1131 2051 1310 2092 delubra
1341 2050 1486 2092 omnia

483 2119 681 2161 Vastasti
715 2123 758 2161 et
790 2122 944 2162 cuneta
974 2120 1170 2175 polluisti
1204 2122 1372 2175 altaria,

486 2190 595 2240 Quid
629 2194 851 2233 effecturas
883 2191 970 2232 iam
1001 2206 1148 2246 preces
1181 2193 1315 2234 credis
1349 2193 1495 2234 mea-s?

1010 2332 1083 2374 VI.

781 2403 925 2436 AvEs
951 2403 1021 2436 m·
1047 2403 1322 2438 HIRVNDO.

723 2472 840 2515 (Hom.
872 2473 901 2515 1,
924 2477 977 2506 19.
1030 2472 1088 2506 Ι)1·.
1117 2484 1200 2518 app.
1233 2474 1278 2513 ΙΙ,
1304 2477 1371 2517 11.)

557 2544 670 2586 Aves
704 2560 798 2586 cum
830 2545 965 2586 linum
1000 2550 1216 2587 cernerent
1251 2547 1367 2602 agris
1400 2547 1482 2589 seri

486 2614 577 2656 Nec
609 2630 698 2656 rem
731 2618 946 2668 curarent,
980 2616 1224 2657 convocatis
1257 2618 1456 2660 omnibus

487 2684 682 2727 Hirundo
716 2685 845 2728 verba
878 2686 938 2727 sic
971 2686 1121 2727 fecisse
1155 2688 1356 2729 traditur:

487 2755 646 2809 Magno
678 2756 723 2796 in
755 2756 918 2811 periclo
950 2761 1097 2797 nostra
1131 2772 1197 2798 res
1231 2759 1486 2813 versabitur,

488 2825 530 2867 Si
567 2841 708 2868 semen
743 2826 902 2869 iactum
936 2827 1115 2868 sinimus
1149 2832 1447 2872 maturescere.

487 2897 550 2938 Ex
584 2897 708 2938 huius
742 2913 839 2939 nam
874 2901 1079 2953 proventu
1115 2899 1217 2941 fient
1250 2900 1370 2955 retia,

1775 648 1817 679 10

1778 1001 1819 1032 15

1779 1356 1823 1385 20
