2028 3310
878 784 1293 838 INDICES.

496 889 658 924 Numero
683 888 735 923 VI
759 887 908 922 fabulae
935 886 1163 930 Perottinae,
1191 886 1259 921 VII
1284 889 1432 921 nostrae
1458 885 1676 921 indicantur.

914 1111 1170 1154 INDEX
1222 1112 1255 1153 Ι.

522 1219 551 1252 Α
578 1217 726 1252 feminis
750 1217 951 1260 utcumque
978 1215 1131 1260 spoliari
1157 1215 1255 1249 viros
1281 1215 1314 1248 II
1342 1219 1373 1250 2.

522 1266 553 1299 A
578 1264 726 1299 fictione
752 1263 888 1298 veretri
911 1262 1080 1308 linguam
1105 1261 1269 1296 mulieris
1297 1262 1344 1295 lV
1374 1266 1427 1296 15.

522 1312 651 1346 Adhuc
678 1311 874 1356 supersunt-
899 1310 1032 1353 multa,
1061 1321 1155 1354 qnae
1180 1309 1320 1354 possim
1344 1308 1447 1352 loqui
1472 1308 1522 1342 lv
1549 1308 1633 1353 epil.

522 1359 578 1393 Ad
604 1358 723 1392 rivum
748 1357 905 1392 eundem
930 1358 1038 1401 lupus
1065 1359 1101 1391 et
1126 1367 1242 1400 agnus
1268 1357 1447 1390 venerant
1471 1356 1485 1389 l
1516 1360 1543 1390 1.

521 1405 683 1440 Adsidue
710 1405 809 1449 quod
832 1404 997 1439 iocemur
1021 1403 1116 1438 fictis
1142 1402 1278 1438 fabulis
1304 1403 1373 1437 VII
1399 1407 1431 1437 9.

523 1453 708 1487 Adversus
735 1463 860 1487 omnes
886 1450 992 1486 fortis
1020 1452 1057 1486 et
1081 1451 1188 1485 velox
1211 1450 1308 1485 feras
1335 1449 1367 1484 V
1396 1454 1448 1484 10.

521 1499 659 1545 Aesopi
682 1498 832 1544 ingenio
859 1499 1020 1533 statuam
1046 1509 1200 1542 posuere
1227 1497 1344 1532 Attici
1368 1497 1401 1531 Il
1427 1496 1512 1541 epil.

522 1546 660 1592 Aesopi
683 1557 818 1581 nomen
844 1545 963 1580 sicubi
987 1545 1243 1589 inter-posuero
1269 1544 1302 1578 V
1326 1543 1419 1589 prol.

521 1595 668 1639 Aesopo
695 1593 847 1638 quidam
872 1592 1010 1637 scripta
1034 1592 1209 1627 recitarat
1233 1591 1332 1625 mala
1355 1591 1407 1625 VI
1434 1595 1463 1625 7.

523 1643 689 1685 Aesopus
715 1642 843 1675 auctor
868 1651 979 1684 quam
1004 1639 1199 1674 materiam
1223 1637 1387 1683 repperit
1412 1638 1426 1671 I
1453 1638 1544 1682 prol.

523 1690 689 1733 Aesopus
715 1687 863 1722 domino
891 1687 989 1721 solus
1015 1698 1098 1721 cum
1124 1687 1222 1721 esset
1246 1685 1389 1720 familia
1414 1685 1464 1719 ΙΙΙ
1493 1689 1546 1720 19.

523 1737 690 1779 Aesopus
716 1735 816 1779 turpi
842 1746 925 1768 cum
952 1733 1107 1768 serviret
1131 1732 1289 1768 feminae
1315 1732 1366 1766 Vl
1394 1736 1447 1765 15.

523 1782 674 1817 Amittit
699 1781 830 1816 merito
856 1780 1046 1826 proprium
1072 1779 1136 1824 qui
1161 1780 1323 1814 alienum
1350 1778 1492 1823 adpetit
1519 1779 1532 1812 I
1559 1782 1591 1812 4.

523 1830 691 1874 Angusto
717 1829 755 1863 in
781 1827 884 1863 aditu
908 1829 1036 1862 taurus
1062 1827 1207 1862 luctans
1234 1826 1405 1861 cornibus
1430 1825 1462 1859 V
1489 1829 1520 1860 9.

523 1878 624 1911 Anus
650 1876 770 1910 iacere
796 1874 891 1909 vidit
916 1876 1065 1920 epotam
1091 1875 1309 1919 amphoram
1335 1873 1386 1907 III
1413 1877 1442 1907 1.

524 1924 621 1968 Apes
647 1922 684 1957 in
711 1923 789 1957 alta
812 1922 979 1957 fecerant
1004 1933 1141 1966 quercu
1167 1921 1270 1956 favos
1298 1921 1347 1955 111
1378 1925 1429 1954 13.

523 1970 659 2015 Aquila
683 1970 721 2004 in
748 1969 897 2004 sublimi
924 1979 1059 2013 quercu
1084 1969 1212 2003 nidum
1237 1968 1376 2002 fecerat
1400 1967 1432 2001 ΙῘ
1460 1971 1491 2003 4.

524 2017 686 2052 Arbitrio
714 2017 744 2051 si
770 2018 904 2051 natura
928 2015 1091 2050 finxisset
1116 2027 1198 2051 meo
1224 2015 1274 2049 VI
1301 2019 1332 2050 2.

524 2065 668 2100 Asellus
694 2066 732 2099 et
755 2064 822 2099 bos
847 2075 920 2098 uno
946 2063 1075 2098 sociati
1101 2063 1188 2108 iugo
1214 2063 1281 2096 VI[
1311 2067 1362 2097 18.

525 2112 658 2146 Asinus
683 2112 866 2146 iacentem
893 2110 986 2146 vidit
1010 2110 1048 2144 in
1072 2112 1179 2155 prato
1205 2110 1323 2154 lyram
1350 2109 1398 2143 VI
1429 2113 1480 2143 12.

524 2159 691 2194 Athenae
718 2170 801 2193 cum
827 2158 1000 2193 florerent
1025 2157 1152 2201 aequis
1178 2157 1322 2202 legibus
1348 2157 1362 2190 I
1388 2160 1421 2190 2.

526 2208 620 2241 Aves
646 2217 729 2240 cum
754 2205 871 2240 linum
898 2207 1088 2240 cernerent
1113 2204 1211 2249 agris
1236 2204 1307 2239 seri
1333 2203 1399 2237 VII
1426 2207 1456 2236 6.

527 2253 625 2293 Avis,
652 2264 761 2297 quam
787 2251 915 2287 dicunt
937 2251 1184 2286 terraneolam
1209 2250 1338 2285 rustici
1364 2250 1412 2283 VI
1440 2253 1495 2283 30.

525 2300 684 2334 Barbam
710 2299 874 2344 capellae
901 2311 982 2334 cum
1008 2299 1258 2343 inpetrassent
1283 2297 1330 2332 ab
1357 2298 1441 2331 love
1469 2295 1516 2330 IV
1545 2300 1598 2330 lss.

526 2347 669 2382 Bellum
696 2347 875 2391 gerebant
900 2345 1059 2390 pecudes
1085 2357 1168 2380 cum
1194 2344 1405 2379 volucribus
1433 2343 1497 2377 VH
1529 2347 1581 2377 10.

527 2394 630 2429 Calvi
656 2393 855 2428 momordit
881 2404 1007 2427 musca
1032 2392 1211 2427 nudatum
1238 2393 1347 2436 caput
1375 2391 1405 2424 V
1433 2395 1463 2425 3.

527 2441 642 2476 Canes
669 2440 829 2485 effugere
856 2452 938 2474 cum
964 2440 1038 2474 iam
1063 2451 1136 2474 non
1162 2439 1260 2484 potis
1286 2440 1342 2473 est
1367 2438 1457 2472 fiber
1484 2437 1531 2471 VI
1557 2439 1612 2472 28.

527 2488 642 2523 Canes
669 2489 812 2533 legatos
839 2487 927 2522 olim
954 2487 1086 2521 misere
1113 2487 1159 2521 ad
1186 2487 1308 2521 lovem
1336 2486 1385 2520 IV
1414 2489 1466 2520 19.

526 2537 663 2570 Cervus
689 2535 890 2570 nemorosis
917 2533 1096 2569 excitatus
1122 2533 1288 2568 latibulis
1318 2533 1346 2567 11
1373 2536 1405 2567 8.

527 2582 691 2618 (tonsilia
716 2582 778 2626 qni
805 2582 894 2616 dant
919 2593 1029 2625 prava
1058 2581 1174 2616 cautis
1202 2580 1412 2615 hominibus
1440 2579 1452 2612 Ι
1479 2583 1533 2614 ⁶25.

526 2632 662 2664 (¹0ntra
688 2631 856 2674 potentes
883 2631 1029 2663 nemost
1054 2628 1214 2662 munitus
1241 2627 1330 2663 satis
1356 2627 1387 2661 ll
1415 2631 1447 2661 G.

528 2678 640 2711 ‘'ulex
666 2689 746 2712 cum
774 2678 919 2711 taurum
947 2678 1183 2720 provocasset
1208 2675 1347 2710 viribus
1372 2674 1436 2708 Vll
1470 2678 1520 2708 19.

528 2727 617 2759 Γυιιι
644 2723 874 2759 blandiretur
899 2723 1021 2757 iuveni
1047 2723 1218 2757 meretrix
1244 2722 1385 2767 perlida
1410 2721 1457 2754 Vl
1486 2724 1540 2755 25.

530 2771 619 2807 Cum
647 2771 858 2806 castitatem
887 2771 975 2804 luno
1002 2770 1170 2804 laudaret
1194 2781 1296 2804 suam
1324 2769 1370 2802 Vl
1399 2773 1430 2803 9.

530 2821 619 2853 Cum
646 2818 755 2853 celeri
781 2819 925 2862 fugeret
950 2817 1042 2862 pede
1069 2819 1279 2851 venatorem
1307 2817 1410 2861 lepus
1438 2815 1482 2849 Vl
1513 2819 1568 2849 :³0.

529 2867 618 2900 (lum
646 2866 689 2900 ‹lc
717 2865 872 2900 fortunis
897 2863 1047 2909 qnidam
1073 2867 1287 2908 quereretur
1312 2863 1386 2898 suis
1415 2862 1459 2897 lv
1491 2866 1543 2896 l‘a‘.

530 2913 618 2947 Cum
647 2913 885 2948 destinassem
912 2912 1109 2946 torminum
1137 2912 1236 2956 uperi
1265 2912 1425 2945 statuere
1454 2909 1499 2945 lv
1528 2908 1616 2953 prol.

529 2963 619 2995 (suin
647 2974 684 2995 se
712 2961 870 2994 ferarum
898 2970 1019 3003 regem
1048 2959 1196 2993 fecisset
1222 2959 1279 2992 leo
1308 2958 1355 2992 IV
1386 2961 1437 2991 14.
