2028 3310
607 802 1018 846 TESTIMONIA
1061 802 1144 844 DE
1184 801 1508 843 PHAEDRO.

287 946 393 981 Mart.
420 943 546 989 Epigr.
573 944 640 987 ΙΙΙ,
667 947 729 987 20,
757 949 793 977 ὗε

381 1017 439 1050 An
465 1014 672 1050 aemulatur
696 1013 843 1058 inprobi
868 1012 968 1047 iocos
995 1012 1176 1047 Phaedri?

287 1132 451 1168 Avianus
478 1131 638 1176 epistula
662 1131 708 1165 ad
735 1129 996 1165 Theodosium:

382 1203 519 1237 Verum
543 1203 611 1236 has
637 1213 703 1247 pro
730 1201 898 1246 exemplo
924 1201 1070 1235 fabulas
1097 1202 1135 1234 et
1155 1200 1325 1235 Socrates
1351 1200 1484 1234 divinis
1509 1200 1681 1245 operibus
1706 1199 1842 1234 indidit

382 1263 419 1295 et
443 1261 624 1305 poematis
649 1259 722 1295 suis
747 1260 901 1294 Flaccus
927 1258 1086 1304 aptavit,
1122 1258 1220 1302 quod
1250 1258 1290 1292 in
1322 1269 1359 1293 se
1391 1259 1458 1292 sub
1489 1258 1655 1294 iocorum
1681 1269 1841 1293 commu-

382 1319 484 1354 nium
503 1319 625 1364 specie
643 1318 743 1353 vitae
763 1319 982 1362 argumenta
1000 1316 1223 1352 contineant.
1262 1328 1352 1361 quas
1368 1317 1518 1352 Graecis
1535 1316 1671 1351 iambis
1686 1316 1842 1351 Babrius

382 1379 554 1423 repetens
578 1376 617 1410 in
643 1376 715 1410 duo
735 1375 924 1410 volumina
943 1375 1135 1418 coartavit,
1162 1375 1348 1410 Phaedrus
1373 1374 1486 1410 etiam
1513 1376 1659 1420 partem
1678 1374 1841 1418 aliquam

382 1435 542 1480 quinque
568 1435 606 1469 in
631 1434 779 1469 libellos
804 1433 966 1469 resolvit.

289 1553 390 1588 Idem
415 1553 530 1588 intra:

383 1623 501 1668 Loqui
525 1634 612 1658 vero
639 1622 804 1664 arbores,
830 1621 925 1655 feras
952 1632 1033 1655 cum
1061 1621 1272 1656 hominibus
1297 1632 1445 1666 gemere
1471 1623 1540 1656 etc.

383 1680 562 1726 Respexit
587 1680 633 1714 ad
660 1681 674 1714 Ι
699 1680 791 1725 prol.
814 1684 845 1714 ss.

289 1799 508 1834 Prudentius
534 1797 637 1832 Cath.
665 1797 749 1840 VII,
779 1802 859 1831 115:

384 1869 468 1903 Alvi
495 1868 640 1913 capacis
666 1867 772 1902 vivus
796 1867 966 1902 hauritur
992 1879 1114 1912 specu.
1234 1893 1237 1895 -
1295 1861 1322 1888 ⁰

383 1927 559 1972 Respexit
584 1927 629 1961 ad
657 1927 717 1969 IV,
745 1930 781 1968 6,
809 1930 862 1960 10.

291 2045 437 2079 Titulus
469 2043 532 2088 qui
562 2043 699 2089 legitur
729 2043 827 2088 apud
855 2043 1051 2079 Gruterum
1075 2055 1136 2089 pg.
1158 2046 1244 2088 898,
1271 2048 1330 2088 16,
1368 2056 1477 2080 versu
1502 2044 1661 2089 quodam
1686 2043 1847 2079 Phaedri

387 2103 470 2148 [111,
499 2106 553 2145 17,
583 2102 641 2148 12]
674 2101 819 2136 celeber
849 2101 930 2146 ille,
969 2103 1078 2137 valde
1116 2104 1306 2148 suspectus
1340 2102 1450 2148 [conf.
1483 2102 1660 2138 Ritschel.
1693 2102 1845 2138 Anthel-

384 2160 463 2195 Lat.
492 2159 625 2195 Coroll.
651 2173 712 2206 pg.
737 2162 806 2205 13j.
1391 2165 1398 2173 ¹
