2028 3310
305 173 426 208 XVIII
807 212 816 213 ἶ
961 172 1118 207 CAPVT
1143 173 1188 207 II.

305 281 450 321 addita
481 283 594 321 esset
614 280 785 321 collatio
807 279 962 320 codicis
982 279 1207 321 Remensis
1227 279 1492 321 aVincentio
1515 278 1642 333 facta,
1672 280 1850 334 reperiri

304 351 348 391 in
379 350 643 392 bibliotheca
672 349 845 403 publica
864 349 1076 403 Parisina,
1107 350 1152 390 in
1179 364 1262 404 qua
1287 350 1429 391 fuerat
1448 353 1641 403 tempore
1660 349 1852 404 Ber-geri,

305 420 580 475 quantumvis
613 420 802 462 studiose
821 419 909 461 iam
930 422 1204 475 quaereretur
1237 435 1261 461 a
1291 419 1580 462 bibliothecae
1611 419 1851 474 praefectis,

303 505 389 532 non
407 491 562 544 potuit.
610 490 760 545 Itaque
791 490 875 531 fuit
905 490 1256 545 acquiescendum
1289 491 1333 532 in
1365 491 1450 532 alio
1485 490 1672 532 eiusdem
1698 490 1852 532 biblio-

302 562 451 604 thecae
502 562 715 616 exemplo,
765 561 876 616 quod
919 562 1034 603 notis
1084 561 1281 603 omnibus
1332 564 1511 615 careret,
1560 564 1608 602 ut
1650 561 1693 602 id
1740 561 1850 616 quod

304 633 491 674 Orellius
523 633 567 673 in
593 632 772 687 Bergeri
804 632 917 673 curis
950 619 1207 673 desideravit
1240 631 1383 685 aliqua
1415 631 1571 673 saltem
1601 634 1724 686 parte
1756 646 1852 685 sup-

302 703 475 757 plerem.

419 773 559 827 Igitur
592 773 720 815 editio
752 773 845 826 illa,
876 773 1017 815 forma
1049 775 1249 814 constans
1283 772 1509 814 admodum
1543 773 1725 823 minuta,
1755 787 1850 827 pro-

302 844 381 884 diit
414 843 590 884 Parisiis
633 843 744 897 apud
775 843 947 885 viduam
979 843 1139 884 Brocas
1173 857 1209 884 a.
1233 843 1355 893 1743,
1392 841 1472 883 hoe
1504 843 1675 896 quidem
1704 843 1852 884 titulo:

302 914 502 968 Phaedri,
535 914 723 969 Augusti
753 914 900 955 liberti
918 913 1228 967 Aesopicarum
1253 912 1497 953 fabularum
1529 911 1629 953 libri
1655 913 1853 966 quinque,

303 988 499 1026 accurate
538 984 590 1025 ad
629 984 854 1025 meliorum
887 984 1079 1025 codicum
1124 983 1249 1023 fidem
1288 987 1330 1024 et
1373 982 1587 1024 nitidioris
1626 982 1853 1037 orthogra-

302 1055 427 1109 phiae
461 1055 592 1109 legesv
612 1054 836 1095 emendati.
897 1054 1069 1094 Absunt
1102 1054 1154 1094 ab
1189 1068 1237 1094 ea
1268 1053 1440 1094 fabulae
1471 1053 1716 1108 nonnullae,
1747 1039 1852 1108 quas

302 1126 506 1167 indicavit
541 1125 766 1178 Bergerus.
829 1122 963 1165 Crisis
1001 1124 1226 1165 factitatae
1268 1137 1401 1177 genus
1440 1123 1569 1177 idem,
1616 1124 1728 1178 quod
1766 1124 1853 1178 ple-

301 1211 476 1250 rumque
510 1195 675 1249 optinet
706 1195 915 1248 hodieque
948 1195 991 1234 in
1023 1193 1146 1234 libris
1167 1208 1395 1247 puerorum
1421 1194 1474 1234 ad
1495 1208 1594 1234 usus
1615 1194 1854 1248 destinatis,

300 1270 348 1307 ut
379 1266 504 1307 modo
538 1265 805 1306 coniecturae
836 1264 1060 1305 hominum
1092 1264 1332 1316 doctorum,
1365 1264 1638 1318 quantumvis
1675 1264 1854 1306 audaces

301 1341 374 1378 aut
412 1336 582 1389 dubiae,
633 1349 727 1376 cum
766 1334 919 1375 fiducia
959 1335 1045 1375 sint
1090 1333 1350 1374 substitutae
1394 1334 1566 1375 lectioni
1612 1334 1853 1389 antiquitus

300 1407 501 1460 traditae,
558 1406 682 1446 modo
734 1404 1052 1446 emendationes
1104 1404 1451 1458 elegantissimae
1505 1405 1854 1461 certissimaeque

301 1478 644 1519 membranarum
678 1475 872 1517 sordibus
906 1475 993 1516 sint
1023 1460 1312 1529 posthabitae.
1354 1474 1515 1516 Notavi
1544 1476 1750 1518 lectiones
1771 1492 1854 1518 me-

300 1548 438 1590 moria
469 1547 613 1601 aliqua
644 1546 795 1600 dignas
830 1560 880 1587 ex
913 1545 1100 1586 editione
1132 1545 1218 1586 ista
1250 1545 1550 1600 qualicumque
1582 1546 1683 1588 has:
1720 1546 1759 1601 I,
1787 1548 1854 1600 11,

304 1621 356 1661 15
377 1617 477 1675 (rec.
498 1617 650 1673 meae&
682 1617 812 1659 simili
840 1616 1009 1668 fuissem
1039 1617 1086 1656 in
1110 1619 1238 1664 metm
1269 1615 1302 1669 Ι,
1326 1617 1390 1670 17,
1411 1617 1454 1657 8:
1486 1618 1710 1669 conspexi&
1741 1617 1795 1672 II,
1816 1619 1856 1680 5,

304 1691 375 1733 10:
399 1691 628 1743 prospectat
658 1687 843 1729 Siculum
875 1690 911 1728 ct
934 1687 1132 1739 prospicit
1167 1686 1342 1728 Tuscum
1373 1700 1505 1736 marc;
1555 1686 1621 1728 III
1651 1688 1759 1741 prol.
1779 1681 1854 1730 20:

299 1762 484 1814 quavwz's
519 1761 561 1800 m
593 1760 684 1812 'ipsa
718 1761 838 1799 natus
858 1758 936 1798 sim
954 1771 1058 1810 pene
1082 1757 1216 1798 schola
1225 1771 1238 1806 ,·
1270 1757 1414 1798 ib 52:
1445 1758 1483 1799 εἰ
1507 1757 1652 1811 Phryx
1671 1758 1856 1812 Aesopus

291 1833 446 1885 potuit,
478 1829 735 1872 Anacharsis
766 1827 937 1881 Scyllam·
982 1827 1058 1881 ΙΙΙ,
1084 1828 1123 1881 5,
1150 1828 1193 1869 6:
1225 1829 1333 1868 venit
1362 1842 1463 1877 ecce;
1502 1828 1558 1869 ib.
1583 1829 1652 1870 10:
1683 1843 1856 1883 compre-

271 1927 276 1930 -
297 1902 466 1951 hensa&
499 1900 575 1954 III,
599 1901 663 1953 10,
684 1900 758 1940 48:
784 1902 904 1951 pater
932 1899 1140 1950 familias;
1173 1898 1248 1952 ΙΙΙ,
1273 1899 1337 1952 19,
1360 1899 1401 1939 7:
1433 1902 1469 1939 et
1487 1899 1655 1951 quidam
1674 1913 1694 1940 e
1713 1901 1854 1949 turba,-

297 1972 373 2026 IV,
400 1973 466 2024 23,
494 1972 568 2012 25:
593 1973 785 2023 portatam
819 1969 875 2011 ib.
907 1969 1062 2022 obt-iu&
1101 1968 1176 2021 IV,
1201 1969 1269 2022 26,
1290 1969 1363 2010 23:
1395 1969 1647 2021 diffluentes;
1679 1969 1731 2024 V,
1751 1971 1790 2025 6,
1812 1971 1854 2012 7:

298 2043 391 2083 huic
421 2042 583 2095 quercla
614 2042 815 2089 com-enm
848 2040 901 2093 V,
929 2041 965 2092 7,
993 2041 1035 2081 2:
1068 2041 1258 2092 arripuit.

418 2112 533 2153 Satis
566 2112 651 2152 iam
691 2113 871 2165 apparet
909 2110 1116 2163 exemplis
1149 2125 1173 2150 a
1205 2124 1271 2150 me
1304 2110 1554 2163 propositis,
1597 2125 1684 2152 non
1715 2112 1853 2154 iuvari

299 2198 376 2224 nos
410 2182 591 2223 multum
636 2182 678 2221 in
719 2180 901 2222 Phaedri
947 2180 1087 2221 verbis
1131 2180 1405 2221 restituendis
1446 2180 1557 2222 libro
1602 2181 1708 2235 isto,
1758 2197 1853 2224 eum

300 2253 552 2307 praesertim
586 2267 669 2292 non
702 2267 750 2292 ca
783 2266 883 2292 cura
916 2251 975 2291 cd.
1008 2250 1125 2292 Rem.
1159 2250 1339 2291 collatus
1379 2251 1435 2292 sit
1468 2266 1491 2292 a
1525 2250 1767 2306 Vincentio,
1806 2258 1853 2295 ut

300 2327 414 2365 certo
460 2323 595 2377 possit
640 2322 845 2363 affirmari
891 2321 1067 2362 eandem
1111 2321 1268 2374 ubique
1313 2335 1404 2361 esse
1455 2321 1545 2362 eius
1597 2322 1854 2376 scripturam

300 2398 426 2448 atque
460 2393 658 2435 editionis
691 2392 988 2444 Brocasianae,
1022 2391 1093 2433 ubi
1126 2391 1233 2432 nihil
1267 2391 1318 2432 ab
1352 2391 1427 2432 illo
1461 2395 1527 2433 est
1559 2393 1823 2436 adnotatum.

418 2465 467 2505 ln
505 2463 778 2505 emendandis
818 2462 990 2516 scriptis
1030 2461 1212 2503 Phaedri
1255 2476 1350 2502 cum
1389 2462 1576 2504 maxima
1619 2478 1666 2505 ac
1705 2479 1853 2519 prope-

303 2535 470 2576 modum
504 2535 626 2576 unica
659 2534 716 2575 sit
749 2533 980 2575 auctoritas
1014 2532 1114 2574 libri
1147 2532 1370 2573 Pitllsmani
1405 2547 1452 2575 ac
1485 2532 1729 2589 Remensis,
1767 2550 1853 2577 non

301 2621 489 2660 possum,
522 2605 623 2659 quin
656 2605 705 2645 de
738 2604 805 2645 his
837 2604 1043 2645 disseram
1077 2603 1326 2644 accuratius.

417 2676 552 2731 Igitur
586 2679 813 2729 utrumque
847 2690 898 2716 ex
931 2674 1077 2716 eadem
1109 2674 1184 2715 illa
1219 2674 1488 2730 anthologia,
1526 2674 1576 2716 de
1610 2691 1695 2730 qua
1725 2692 1854 2731 supra

300 2747 548 2800 memoravi,
585 2746 757 2788 ductum
798 2745 890 2800 pari
933 2746 1021 2786 fere
1062 2745 1287 2796 diligentia
1328 2760 1352 2786 a
1384 2745 1576 2787 librariis
1609 2761 1742 2801 aeque
1775 2747 1851 2789 im-

299 2818 448 2872 peritis
481 2817 653 2859 omnino
688 2819 873 2869 vonstat3
908 2816 968 2857 ita
1000 2830 1083 2856 non
1117 2819 1182 2856 est
1207 2816 1378 2869 mirum,
1412 2816 1520 2870 quod
1542 2816 1851 2860 alteralterius

299 2894 363 2930 ost
397 2889 550 2930 similis
587 2888 650 2929 vix
687 2889 824 2929 minus
858 2903 984 2942 quaun
1019 2903 1141 2928 ovum
1177 2889 1257 2928 ovi.
