<?xml version="1.0" encoding="UTF-8"?>
<!DOCTYPE html PUBLIC "-//W3C//DTD XHTML 1.0 Transitional//EN"
    "http://www.w3.org/TR/xhtml1/DTD/xhtml1-transitional.dtd">
<html xmlns="http://www.w3.org/1999/xhtml" xml:lang="en" lang="en">
 <head>
  <title>
</title>
<meta http-equiv="Content-Type" content="text/html;charset=utf-8" />
  <meta name='ocr-system' content='tesseract 3.04.00' />
  <meta name='ocr-capabilities' content='ocr_page ocr_carea ocr_par ocr_line ocrx_word'/>
</head>
<body>
  <div class='ocr_page' id='page_1' title='image "./fabularumaesopia00phaeuoft_0075.png"; bbox 0 0 2028 3310; ppageno 0'>
   <div class='ocr_carea' id='block_1_1' title="bbox 828 213 1720 251">
    <p class='ocr_par' dir='ltr' id='par_1_1' title="bbox 828 213 1720 251">
     <span class='ocr_line' id='line_1_1' title="bbox 828 213 1720 251; baseline -0.001 -4"><span class='ocrx_word' id='word_1_1' title='bbox 828 213 972 247; x_wconf 81' lang='lat' dir='ltr'>LIBER</span> <span class='ocrx_word' id='word_1_2' title='bbox 997 213 1059 248; x_wconf 94' lang='grc' dir='ltr'>ΙΙΙ.</span> <span class='ocrx_word' id='word_1_3' title='bbox 1665 213 1720 251; x_wconf 66' lang='grc'>29</span> 
     </span>
    </p>
   </div>
   <div class='ocr_carea' id='block_1_2' title="bbox 381 320 1721 656">
    <p class='ocr_par' dir='ltr' id='par_1_2' title="bbox 381 320 1446 375">
     <span class='ocr_line' id='line_1_2' title="bbox 381 320 1446 375; baseline -0.003 -13"><span class='ocrx_word' id='word_1_4' title='bbox 381 320 665 375; x_wconf 79' lang='lat' dir='ltr'>Hominisque</span> <span class='ocrx_word' id='word_1_5' title='bbox 698 336 841 362; x_wconf 85' lang='lat' dir='ltr'>curam</span> <span class='ocrx_word' id='word_1_6' title='bbox 874 335 973 362; x_wconf 89' lang='lat' dir='ltr'>cura</span> <span class='ocrx_word' id='word_1_7' title='bbox 1005 321 1165 362; x_wconf 87' lang='lat' dir='ltr'>maiore</span> <span class='ocrx_word' id='word_1_8' title='bbox 1199 320 1446 373; x_wconf 74' lang='lat' dir='ltr'>adgravant.</span> 
     </span>
    </p>

    <p class='ocr_par' dir='ltr' id='par_1_3' title="bbox 383 391 1417 446">
     <span class='ocr_line' id='line_1_3' title="bbox 383 391 1417 446; baseline -0.003 -13"><span class='ocrx_word' id='word_1_9' title='bbox 383 392 578 446; x_wconf 78' lang='lat' dir='ltr'>Aesopus</span> <span class='ocrx_word' id='word_1_10' title='bbox 612 391 672 432; x_wconf 92' lang='lat' dir='ltr'>ibi</span> <span class='ocrx_word' id='word_1_11' title='bbox 705 393 842 444; x_wconf 76' lang='lat' dir='ltr'>stans,</span> <span class='ocrx_word' id='word_1_12' title='bbox 875 391 990 432; x_wconf 84' lang='lat' dir='ltr'>naris</span> <span class='ocrx_word' id='word_1_13' title='bbox 1025 394 1244 432; x_wconf 86' lang='lat' dir='ltr'>emunctae</span> <span class='ocrx_word' id='word_1_14' title='bbox 1278 404 1417 443; x_wconf 79' lang='lat' dir='ltr'>senex,</span> 
     </span>
    </p>

    <p class='ocr_par' dir='ltr' id='par_1_4' title="bbox 381 460 1721 586">
     <span class='ocr_line' id='line_1_4' title="bbox 381 460 1721 515; baseline -0.004 -13"><span class='ocrx_word' id='word_1_15' title='bbox 381 460 550 502; x_wconf 87' lang='lat' dir='ltr'>Natura</span> <span class='ocrx_word' id='word_1_16' title='bbox 578 476 810 515; x_wconf 84' lang='lat' dir='ltr'>numquam</span> <span class='ocrx_word' id='word_1_17' title='bbox 843 461 973 502; x_wconf 88' lang='lat' dir='ltr'>verba</span> <span class='ocrx_word' id='word_1_18' title='bbox 1005 461 1071 501; x_wconf 90' lang='lat' dir='ltr'>eui</span> <span class='ocrx_word' id='word_1_19' title='bbox 1103 461 1245 514; x_wconf 86' lang='lat' dir='ltr'>potuit</span> <span class='ocrx_word' id='word_1_20' title='bbox 1276 460 1393 501; x_wconf 87' lang='lat' dir='ltr'>dare:</span> <span class='ocrx_word' id='word_1_21' title='bbox 1682 470 1721 498; x_wconf 66' lang='lat'>15,</span> 
     </span>
     <span class='ocr_line' id='line_1_5' title="bbox 383 531 1252 586; baseline -0.003 -13"><span class='ocrx_word' id='word_1_22' title='bbox 383 531 428 573; x_wconf 80' lang='lat' dir='ltr'>Si</span> <span class='ocrx_word' id='word_1_23' title='bbox 460 546 687 586; x_wconf 83' lang='lat' dir='ltr'>procurare</span> <span class='ocrx_word' id='word_1_24' title='bbox 719 532 782 572; x_wconf 88' lang='lat' dir='ltr'>vis</span> <span class='ocrx_word' id='word_1_25' title='bbox 815 533 1049 583; x_wconf 85' lang='lat' dir='ltr'>ostentum,</span> <span class='ocrx_word' id='word_1_26' title='bbox 1081 531 1252 583; x_wconf 76' lang='lat' dir='ltr'>rustice,</span> 
     </span>
    </p>

    <p class='ocr_par' dir='ltr' id='par_1_5' title="bbox 382 601 1252 656">
     <span class='ocr_line' id='line_1_6' title="bbox 382 601 1252 656; baseline -0.001 -13"><span class='ocrx_word' id='word_1_27' title='bbox 382 602 564 656; x_wconf 75' lang='lat' dir='ltr'>onres,</span> <span class='ocrx_word' id='word_1_28' title='bbox 596 601 756 656; x_wconf 84' lang='lat' dir='ltr'>inquit,</span> <span class='ocrx_word' id='word_1_29' title='bbox 789 601 842 642; x_wconf 90' lang='lat' dir='ltr'>da</span> <span class='ocrx_word' id='word_1_30' title='bbox 874 601 960 642; x_wconf 90' lang='lat' dir='ltr'>tuis</span> <span class='ocrx_word' id='word_1_31' title='bbox 992 601 1252 655; x_wconf 73' lang='lat' dir='ltr'>pastoribus.</span> 
     </span>
    </p>
   </div>
   <div class='ocr_carea' id='block_1_3' title="bbox 383 706 1723 1327">
    <p class='ocr_par' dir='ltr' id='par_1_6' title="bbox 661 706 1228 820">
     <span class='ocr_line' id='line_1_7' title="bbox 908 706 982 749; baseline 0.027 -2"><span class='ocrx_word' id='word_1_32' title='bbox 908 706 982 749; x_wconf 72' lang='lat' dir='ltr'>IV.</span> 
     </span>
     <span class='ocr_line' id='line_1_8' title="bbox 661 775 1228 820; baseline -0.002 -10"><span class='ocrx_word' id='word_1_33' title='bbox 661 776 886 819; x_wconf 78' lang='lat' dir='ltr'><strong>[LANIVS</strong></span> <span class='ocrx_word' id='word_1_34' title='bbox 912 777 983 809; x_wconf 77' lang='lat' dir='ltr'>ET</span> <span class='ocrx_word' id='word_1_35' title='bbox 1011 775 1228 820; x_wconf 80' lang='lat' dir='ltr'>SIMIVS.]</span> 
     </span>
    </p>

    <p class='ocr_par' dir='ltr' id='par_1_7' title="bbox 383 847 1594 1114">
     <span class='ocr_line' id='line_1_9' title="bbox 453 847 1469 902; baseline -0.002 -13"><span class='ocrx_word' id='word_1_36' title='bbox 453 848 640 889; x_wconf 81' lang='lat' dir='ltr'>Pendere</span> <span class='ocrx_word' id='word_1_37' title='bbox 674 849 726 889; x_wconf 88' lang='lat' dir='ltr'>ad</span> <span class='ocrx_word' id='word_1_38' title='bbox 759 848 921 890; x_wconf 88' lang='lat' dir='ltr'>lanium</span> <span class='ocrx_word' id='word_1_39' title='bbox 955 847 1127 902; x_wconf 88' lang='lat' dir='ltr'>quidam</span> <span class='ocrx_word' id='word_1_40' title='bbox 1159 847 1267 889; x_wconf 82' lang='lat' dir='ltr'>vidit</span> <span class='ocrx_word' id='word_1_41' title='bbox 1299 847 1469 888; x_wconf 87' lang='lat' dir='ltr'>simium</span> 
     </span>
     <span class='ocr_line' id='line_1_10' title="bbox 383 917 1292 972; baseline -0.001 -13"><span class='ocrx_word' id='word_1_42' title='bbox 383 918 500 959; x_wconf 84' lang='lat' dir='ltr'>luter</span> <span class='ocrx_word' id='word_1_43' title='bbox 532 918 714 960; x_wconf 85' lang='lat' dir='ltr'>relicuas</span> <span class='ocrx_word' id='word_1_44' title='bbox 747 932 906 959; x_wconf 88' lang='lat' dir='ltr'>merces</span> <span class='ocrx_word' id='word_1_45' title='bbox 940 920 1068 972; x_wconf 88' lang='lat' dir='ltr'>atque</span> <span class='ocrx_word' id='word_1_46' title='bbox 1095 917 1292 971; x_wconf 83' lang='lat' dir='ltr'>obsonia3</span> 
     </span>
     <span class='ocr_line' id='line_1_11' title="bbox 383 988 1594 1044; baseline -0.001 -14"><span class='ocrx_word' id='word_1_47' title='bbox 383 989 621 1043; x_wconf 75' lang='lat' dir='ltr'>Quaesivit,</span> <span class='ocrx_word' id='word_1_48' title='bbox 653 989 854 1044; x_wconf 87' lang='lat' dir='ltr'>quidnam</span> <span class='ocrx_word' id='word_1_49' title='bbox 887 989 1085 1042; x_wconf 75' lang='lat' dir='ltr'>saperet?</span> <span class='ocrx_word' id='word_1_50' title='bbox 1118 988 1225 1029; x_wconf 85' lang='lat' dir='ltr'>Tum</span> <span class='ocrx_word' id='word_1_51' title='bbox 1258 988 1398 1029; x_wconf 85' lang='lat' dir='ltr'>lanius</span> <span class='ocrx_word' id='word_1_52' title='bbox 1431 988 1594 1030; x_wconf 87' lang='lat' dir='ltr'>iocans:</span> 
     </span>
     <span class='ocr_line' id='line_1_12' title="bbox 384 1059 1577 1114; baseline 0 -14"><span class='ocrx_word' id='word_1_53' title='bbox 384 1059 535 1113; x_wconf 84' lang='lat' dir='ltr'>Quale,</span> <span class='ocrx_word' id='word_1_54' title='bbox 567 1059 724 1114; x_wconf 86' lang='lat' dir='ltr'>inquit,</span> <span class='ocrx_word' id='word_1_55' title='bbox 757 1062 883 1113; x_wconf 84' lang='lat' dir='ltr'>caput</span> <span class='ocrx_word' id='word_1_56' title='bbox 915 1062 997 1113; x_wconf 83' lang='lat' dir='ltr'>est,</span> <span class='ocrx_word' id='word_1_57' title='bbox 1023 1060 1124 1100; x_wconf 89' lang='lat' dir='ltr'>talis</span> <span class='ocrx_word' id='word_1_58' title='bbox 1158 1062 1405 1113; x_wconf 83' lang='lat' dir='ltr'>praestatur</span> <span class='ocrx_word' id='word_1_59' title='bbox 1438 1074 1577 1113; x_wconf 88' lang='lat' dir='ltr'>sapor.</span> 
     </span>
    </p>

    <p class='ocr_par' dir='ltr' id='par_1_8' title="bbox 383 1129 1723 1327">
     <span class='ocr_line' id='line_1_13' title="bbox 452 1129 1723 1184; baseline -0.001 -13"><span class='ocrx_word' id='word_1_60' title='bbox 452 1129 646 1171; x_wconf 80' lang='lat' dir='ltr'>Ridicule</span> <span class='ocrx_word' id='word_1_61' title='bbox 674 1130 812 1184; x_wconf 86' lang='lat' dir='ltr'>magis</span> <span class='ocrx_word' id='word_1_62' title='bbox 839 1130 919 1171; x_wconf 90' lang='lat' dir='ltr'>hoc</span> <span class='ocrx_word' id='word_1_63' title='bbox 945 1129 1106 1171; x_wconf 89' lang='lat' dir='ltr'>dictum</span> <span class='ocrx_word' id='word_1_64' title='bbox 1133 1145 1259 1184; x_wconf 88' lang='lat' dir='ltr'>quam</span> <span class='ocrx_word' id='word_1_65' title='bbox 1286 1145 1383 1171; x_wconf 87' lang='lat' dir='ltr'>vere</span> <span class='ocrx_word' id='word_1_66' title='bbox 1410 1130 1609 1183; x_wconf 83' lang='lat' dir='ltr'>aestimo3</span> <span class='ocrx_word' id='word_1_67' title='bbox 1705 1141 1723 1170; x_wconf 82' lang='lat'>5</span> 
     </span>
     <span class='ocr_line' id='line_1_14' title="bbox 383 1200 1467 1255; baseline 0.001 -14"><span class='ocrx_word' id='word_1_68' title='bbox 383 1200 560 1249; x_wconf 80' lang='lat' dir='ltr'>Quando</span> <span class='ocrx_word' id='word_1_69' title='bbox 594 1203 637 1243; x_wconf 88' lang='lat' dir='ltr'>et</span> <span class='ocrx_word' id='word_1_70' title='bbox 668 1200 880 1243; x_wconf 87' lang='lat' dir='ltr'>formosos</span> <span class='ocrx_word' id='word_1_71' title='bbox 914 1215 1039 1255; x_wconf 83' lang='lat' dir='ltr'>saepe</span> <span class='ocrx_word' id='word_1_72' title='bbox 1071 1201 1215 1242; x_wconf 88' lang='lat' dir='ltr'>inveni</span> <span class='ocrx_word' id='word_1_73' title='bbox 1246 1201 1467 1255; x_wconf 75' lang='lat' dir='ltr'>pessimos,</span> 
     </span>
     <span class='ocr_line' id='line_1_15' title="bbox 383 1271 1364 1327; baseline 0.001 -15"><span class='ocrx_word' id='word_1_74' title='bbox 383 1271 441 1312; x_wconf 88' lang='lat' dir='ltr'>Et</span> <span class='ocrx_word' id='word_1_75' title='bbox 471 1272 587 1326; x_wconf 84' lang='lat' dir='ltr'>turpi</span> <span class='ocrx_word' id='word_1_76' title='bbox 619 1272 726 1314; x_wconf 82' lang='lat' dir='ltr'>faeie</span> <span class='ocrx_word' id='word_1_77' title='bbox 759 1272 918 1314; x_wconf 88' lang='lat' dir='ltr'>multos</span> <span class='ocrx_word' id='word_1_78' title='bbox 951 1272 1133 1327; x_wconf 80' lang='lat' dir='ltr'>cognovi</span> <span class='ocrx_word' id='word_1_79' title='bbox 1166 1273 1364 1326; x_wconf 87' lang='lat' dir='ltr'>optimos.</span> 
     </span>
    </p>
   </div>
   <div class='ocr_carea' id='block_1_4' title="bbox 383 1378 1726 2208">
    <p class='ocr_par' dir='ltr' id='par_1_9' title="bbox 598 1378 1300 1491">
     <span class='ocr_line' id='line_1_16' title="bbox 920 1378 971 1419; baseline 0 0"><span class='ocrx_word' id='word_1_80' title='bbox 920 1378 971 1419; x_wconf 78' lang='lat' dir='ltr'>V.</span> 
     </span>
     <span class='ocr_line' id='line_1_17' title="bbox 598 1447 1300 1491; baseline 0 -10"><span class='ocrx_word' id='word_1_81' title='bbox 598 1447 859 1491; x_wconf 75' lang='lat' dir='ltr'>[AESOPVS</span> <span class='ocrx_word' id='word_1_82' title='bbox 884 1449 954 1481; x_wconf 77' lang='lat' dir='ltr'>ET</span> <span class='ocrx_word' id='word_1_83' title='bbox 981 1447 1300 1491; x_wconf 80' lang='lat' dir='ltr'><strong>PETVLANS.]</strong></span> 
     </span>
    </p>

    <p class='ocr_par' dir='ltr' id='par_1_10' title="bbox 383 1518 1726 2208">
     <span class='ocr_line' id='line_1_18' title="bbox 456 1518 1438 1573; baseline -0.001 -13"><span class='ocrx_word' id='word_1_84' title='bbox 456 1518 683 1560; x_wconf 78' lang='lat' dir='ltr'>Successus</span> <span class='ocrx_word' id='word_1_85' title='bbox 711 1519 763 1560; x_wconf 89' lang='lat' dir='ltr'>ad</span> <span class='ocrx_word' id='word_1_86' title='bbox 794 1519 1027 1573; x_wconf 88' lang='lat' dir='ltr'>perniciem</span> <span class='ocrx_word' id='word_1_87' title='bbox 1059 1520 1218 1560; x_wconf 87' lang='lat' dir='ltr'>multos</span> <span class='ocrx_word' id='word_1_88' title='bbox 1251 1519 1438 1560; x_wconf 87' lang='lat' dir='ltr'>devocat.</span> 
     </span>
     <span class='ocr_line' id='line_1_19' title="bbox 383 1589 1473 1644; baseline -0.001 -13"><span class='ocrx_word' id='word_1_89' title='bbox 383 1590 554 1644; x_wconf 85' lang='lat' dir='ltr'>Aesopo</span> <span class='ocrx_word' id='word_1_90' title='bbox 589 1589 758 1644; x_wconf 87' lang='lat' dir='ltr'>quidam</span> <span class='ocrx_word' id='word_1_91' title='bbox 791 1590 988 1644; x_wconf 88' lang='lat' dir='ltr'>petulans</span> <span class='ocrx_word' id='word_1_92' title='bbox 1021 1590 1206 1644; x_wconf 81' lang='lat' dir='ltr'>lapidem</span> <span class='ocrx_word' id='word_1_93' title='bbox 1238 1589 1473 1643; x_wconf 82' lang='lat' dir='ltr'>inpegerat.</span> 
     </span>
     <span class='ocr_line' id='line_1_20' title="bbox 383 1659 1562 1715; baseline -0.002 -14"><span class='ocrx_word' id='word_1_94' title='bbox 383 1661 540 1715; x_wconf 85' lang='lat' dir='ltr'>Tanto,</span> <span class='ocrx_word' id='word_1_95' title='bbox 572 1661 732 1715; x_wconf 88' lang='lat' dir='ltr'>inquit,</span> <span class='ocrx_word' id='word_1_96' title='bbox 764 1660 933 1702; x_wconf 83' lang='lat' dir='ltr'>melior!</span> <span class='ocrx_word' id='word_1_97' title='bbox 972 1660 1124 1702; x_wconf 90' lang='lat' dir='ltr'>Assem</span> <span class='ocrx_word' id='word_1_98' title='bbox 1159 1660 1309 1701; x_wconf 86' lang='lat' dir='ltr'>deinde</span> <span class='ocrx_word' id='word_1_99' title='bbox 1335 1660 1402 1701; x_wconf 92' lang='lat' dir='ltr'>illi</span> <span class='ocrx_word' id='word_1_100' title='bbox 1435 1659 1562 1713; x_wconf 81' lang='lat' dir='ltr'>dedit,</span> 
     </span>
     <span class='ocr_line' id='line_1_21' title="bbox 385 1730 1421 1784; baseline 0.002 -13"><span class='ocrx_word' id='word_1_101' title='bbox 385 1730 454 1771; x_wconf 74' lang='lat' dir='ltr'>Sic</span> <span class='ocrx_word' id='word_1_102' title='bbox 486 1733 754 1784; x_wconf 88' lang='lat' dir='ltr'>prosecutus:</span> <span class='ocrx_word' id='word_1_103' title='bbox 786 1731 882 1784; x_wconf 89' lang='lat' dir='ltr'>plus</span> <span class='ocrx_word' id='word_1_104' title='bbox 915 1746 1001 1773; x_wconf 91' lang='lat' dir='ltr'>non</span> <span class='ocrx_word' id='word_1_105' title='bbox 1031 1731 1168 1772; x_wconf 88' lang='lat' dir='ltr'>habeo</span> <span class='ocrx_word' id='word_1_106' title='bbox 1202 1731 1421 1784; x_wconf 73' lang='lat' dir='ltr'>mercules,</span> 
     </span>
     <span class='ocr_line' id='line_1_22' title="bbox 386 1800 1725 1855; baseline -0.001 -14"><span class='ocrx_word' id='word_1_107' title='bbox 386 1800 467 1841; x_wconf 77' lang='lat' dir='ltr'>Sed</span> <span class='ocrx_word' id='word_1_108' title='bbox 499 1800 606 1842; x_wconf 89' lang='lat' dir='ltr'>unde</span> <span class='ocrx_word' id='word_1_109' title='bbox 639 1801 829 1855; x_wconf 84' lang='lat' dir='ltr'>accipere</span> <span class='ocrx_word' id='word_1_110' title='bbox 862 1801 1020 1855; x_wconf 83' lang='lat' dir='ltr'>possis,</span> <span class='ocrx_word' id='word_1_111' title='bbox 1052 1801 1301 1842; x_wconf 84' lang='lat' dir='ltr'>monstrabo</span> <span class='ocrx_word' id='word_1_112' title='bbox 1332 1801 1425 1842; x_wconf 90' lang='lat' dir='ltr'>tibi.</span> <span class='ocrx_word' id='word_1_113' title='bbox 1706 1812 1725 1839; x_wconf 73' lang='lat'><strong>5</strong></span> 
     </span>
     <span class='ocr_line' id='line_1_23' title="bbox 385 1870 1432 1925; baseline 0 -14"><span class='ocrx_word' id='word_1_114' title='bbox 385 1870 516 1912; x_wconf 76' lang='lat' dir='ltr'>Venit</span> <span class='ocrx_word' id='word_1_115' title='bbox 548 1885 641 1912; x_wconf 89' lang='lat' dir='ltr'>ecce</span> <span class='ocrx_word' id='word_1_116' title='bbox 674 1871 792 1913; x_wconf 86' lang='lat' dir='ltr'>dives</span> <span class='ocrx_word' id='word_1_117' title='bbox 825 1874 867 1913; x_wconf 91' lang='lat' dir='ltr'>et</span> <span class='ocrx_word' id='word_1_118' title='bbox 898 1873 1068 1925; x_wconf 88' lang='lat' dir='ltr'>potens:</span> <span class='ocrx_word' id='word_1_119' title='bbox 1102 1871 1201 1912; x_wconf 91' lang='lat' dir='ltr'>huic</span> <span class='ocrx_word' id='word_1_120' title='bbox 1234 1871 1432 1912; x_wconf 86' lang='lat' dir='ltr'>similiter</span> 
     </span>
     <span class='ocr_line' id='line_1_24' title="bbox 384 1941 1577 1997; baseline -0.001 -15"><span class='ocrx_word' id='word_1_121' title='bbox 384 1941 568 1995; x_wconf 87' lang='lat' dir='ltr'>Inpinge</span> <span class='ocrx_word' id='word_1_122' title='bbox 599 1941 802 1996; x_wconf 83' lang='lat' dir='ltr'>lapidem,</span> <span class='ocrx_word' id='word_1_123' title='bbox 835 1944 877 1983; x_wconf 91' lang='lat' dir='ltr'>et</span> <span class='ocrx_word' id='word_1_124' title='bbox 909 1941 1085 1996; x_wconf 87' lang='lat' dir='ltr'>dignum</span> <span class='ocrx_word' id='word_1_125' title='bbox 1118 1941 1299 1995; x_wconf 85' lang='lat' dir='ltr'>accipies</span> <span class='ocrx_word' id='word_1_126' title='bbox 1331 1942 1577 1997; x_wconf 87' lang='lat' dir='ltr'>praemium.</span> 
     </span>
     <span class='ocr_line' id='line_1_25' title="bbox 386 2012 1372 2068; baseline 0 -14"><span class='ocrx_word' id='word_1_127' title='bbox 386 2012 619 2054; x_wconf 84' lang='lat' dir='ltr'>Persuasus</span> <span class='ocrx_word' id='word_1_128' title='bbox 651 2012 725 2053; x_wconf 91' lang='lat' dir='ltr'>ille</span> <span class='ocrx_word' id='word_1_129' title='bbox 758 2012 877 2066; x_wconf 84' lang='lat' dir='ltr'>fecit,</span> <span class='ocrx_word' id='word_1_130' title='bbox 911 2013 1021 2066; x_wconf 91' lang='lat' dir='ltr'>quod</span> <span class='ocrx_word' id='word_1_131' title='bbox 1054 2013 1243 2054; x_wconf 89' lang='lat' dir='ltr'>monitus</span> <span class='ocrx_word' id='word_1_132' title='bbox 1274 2012 1372 2068; x_wconf 82' lang='lat' dir='ltr'>fuit3</span> 
     </span>
     <span class='ocr_line' id='line_1_26' title="bbox 387 2070 1366 2138; baseline 0.002 -15"><span class='ocrx_word' id='word_1_133' title='bbox 387 2081 468 2123; x_wconf 82' lang='lat' dir='ltr'>Sed</span> <span class='ocrx_word' id='word_1_134' title='bbox 501 2097 597 2136; x_wconf 88' lang='lat' dir='ltr'>spes</span> <span class='ocrx_word' id='word_1_135' title='bbox 630 2082 788 2124; x_wconf 89' lang='lat' dir='ltr'>fefellit</span> <span class='ocrx_word' id='word_1_136' title='bbox 819 2083 1092 2138; x_wconf 89' lang='lat' dir='ltr'>inpudentem</span> <span class='ocrx_word' id='word_1_137' title='bbox 1127 2070 1366 2125; x_wconf 85' lang='lat' dir='ltr'>audaciam:</span> 
     </span>
     <span class='ocr_line' id='line_1_27' title="bbox 386 2151 1726 2208; baseline 0.001 -15"><span class='ocrx_word' id='word_1_138' title='bbox 386 2151 654 2207; x_wconf 82' lang='lat' dir='ltr'>Conprensus</span> <span class='ocrx_word' id='word_1_139' title='bbox 688 2168 870 2208; x_wconf 88' lang='lat' dir='ltr'>namque</span> <span class='ocrx_word' id='word_1_140' title='bbox 901 2168 1061 2208; x_wconf 89' lang='lat' dir='ltr'>poenas</span> <span class='ocrx_word' id='word_1_141' title='bbox 1092 2154 1302 2208; x_wconf 82' lang='lat' dir='ltr'>persolvit</span> <span class='ocrx_word' id='word_1_142' title='bbox 1334 2169 1468 2197; x_wconf 86' lang='lat' dir='ltr'>cruce.</span> <span class='ocrx_word' id='word_1_143' title='bbox 1684 2167 1726 2197; x_wconf 77' lang='grc' dir='ltr'>ιο</span> 
     </span>
    </p>
   </div>
   <div class='ocr_carea' id='block_1_5' title="bbox 174 2268 1725 2432">
    <p class='ocr_par' dir='ltr' id='par_1_11' title="bbox 174 2268 1725 2432">
     <span class='ocr_line' id='line_1_28' title="bbox 177 2268 1725 2316; baseline 0.002 -14"><span class='ocrx_word' id='word_1_144' title='bbox 177 2272 217 2303; x_wconf 91' lang='grc'>13</span> <span class='ocrx_word' id='word_1_145' title='bbox 244 2268 476 2312; x_wconf 85' lang='lat' dir='ltr'>hominisque</span> <span class='ocrx_word' id='word_1_146' title='bbox 510 2269 551 2313; x_wconf 70' lang='lat' dir='ltr'>V,</span> <span class='ocrx_word' id='word_1_147' title='bbox 583 2269 824 2314; x_wconf 85' lang='lat' dir='ltr'>hominesque</span> <span class='ocrx_word' id='word_1_148' title='bbox 852 2270 905 2311; x_wconf 78' lang='lat' dir='ltr'>P,·</span> <span class='ocrx_word' id='word_1_149' title='bbox 942 2270 1156 2313; x_wconf 87' lang='lat' dir='ltr'>hominique</span> <span class='ocrx_word' id='word_1_150' title='bbox 1182 2269 1302 2305; x_wconf 76' lang='lat' dir='ltr'>Bentl.</span> <span class='ocrx_word' id='word_1_151' title='bbox 1354 2270 1561 2316; x_wconf 82' lang='lat' dir='ltr'>adgravant</span> <span class='ocrx_word' id='word_1_152' title='bbox 1587 2271 1630 2314; x_wconf 92' lang='lat' dir='ltr'>P,</span> <span class='ocrx_word' id='word_1_153' title='bbox 1664 2271 1725 2305; x_wconf 81' lang='lat' dir='ltr'>ad—</span> 
     </span>
     <span class='ocr_line' id='line_1_29' title="bbox 174 2327 1725 2375; baseline 0.002 -14"><span class='ocrx_word' id='word_1_154' title='bbox 174 2327 332 2372; x_wconf 84' lang='lat' dir='ltr'>grabant</span> <span class='ocrx_word' id='word_1_155' title='bbox 357 2327 434 2372; x_wconf 77' lang='lat' dir='ltr'>R9;</span> <span class='ocrx_word' id='word_1_156' title='bbox 459 2330 597 2373; x_wconf 84' lang='lat' dir='ltr'>augent</span> <span class='ocrx_word' id='word_1_157' title='bbox 615 2329 653 2363; x_wconf 68' lang='lat'>1⁷.</span> <span class='ocrx_word' id='word_1_158' title='bbox 730 2333 773 2363; x_wconf 79' lang='lat'>14</span> <span class='ocrx_word' id='word_1_159' title='bbox 799 2328 869 2363; x_wconf 83' lang='lat' dir='ltr'>sibi</span> <span class='ocrx_word' id='word_1_160' title='bbox 892 2329 1000 2373; x_wconf 68' lang='lat' dir='ltr'>PRq.</span> <span class='ocrx_word' id='word_1_161' title='bbox 1060 2330 1161 2364; x_wconf 84' lang='lat' dir='ltr'>stans</span> <span class='ocrx_word' id='word_1_162' title='bbox 1187 2340 1336 2363; x_wconf 88' lang='lat' dir='ltr'>narrare</span> <span class='ocrx_word' id='word_1_163' title='bbox 1363 2329 1495 2375; x_wconf 84' lang='lat' dir='ltr'>incipit</span> <span class='ocrx_word' id='word_1_164' title='bbox 1519 2341 1584 2365; x_wconf 54' lang='lat' dir='ltr'>om,</span> <span class='ocrx_word' id='word_1_165' title='bbox 1607 2331 1665 2365; x_wconf 75' lang='lat' dir='ltr'>rel.</span> <span class='ocrx_word' id='word_1_166' title='bbox 1687 2330 1725 2364; x_wconf 73' lang='lat'>1⁷.</span> 
     </span>
     <span class='ocr_line' id='line_1_30' title="bbox 176 2387 1501 2432; baseline 0.002 -12"><span class='ocrx_word' id='word_1_167' title='bbox 176 2391 218 2421; x_wconf 82' lang='lat'>15</span> <span class='ocrx_word' id='word_1_168' title='bbox 244 2388 377 2421; x_wconf 83' lang='lat' dir='ltr'>natura</span> <span class='ocrx_word' id='word_1_169' title='bbox 403 2389 586 2430; x_wconf 86' lang='lat' dir='ltr'>(naturam</span> <span class='ocrx_word' id='word_1_170' title='bbox 611 2387 670 2432; x_wconf 79' lang='lat' dir='ltr'>N)</span> <span class='ocrx_word' id='word_1_171' title='bbox 696 2398 930 2432; x_wconf 84' lang='lat' dir='ltr'>nequaquam</span> <span class='ocrx_word' id='word_1_172' title='bbox 957 2387 1069 2422; x_wconf 86' lang='lat' dir='ltr'>verba</span> <span class='ocrx_word' id='word_1_173' title='bbox 1095 2387 1266 2431; x_wconf 77' lang='lat' dir='ltr'>cuiquam</span> <span class='ocrx_word' id='word_1_174' title='bbox 1293 2388 1380 2423; x_wconf 85' lang='lat' dir='ltr'>dare</span> <span class='ocrx_word' id='word_1_175' title='bbox 1406 2389 1448 2423; x_wconf 82' lang='lat' dir='ltr'><em>N</em></span> <span class='ocrx_word' id='word_1_176' title='bbox 1463 2389 1501 2424; x_wconf 71' lang='lat' dir='ltr'>V.</span> 
     </span>
    </p>
   </div>
   <div class='ocr_carea' id='block_1_6' title="bbox 175 2445 1725 2658">
    <p class='ocr_par' dir='ltr' id='par_1_12' title="bbox 175 2445 1725 2658">
     <span class='ocr_line' id='line_1_31' title="bbox 269 2445 1654 2492; baseline 0.003 -13"><span class='ocrx_word' id='word_1_177' title='bbox 269 2445 330 2488; x_wconf 87' lang='lat' dir='ltr'>IV,</span> <span class='ocrx_word' id='word_1_178' title='bbox 359 2450 374 2480; x_wconf 90' lang='lat'>1</span> <span class='ocrx_word' id='word_1_179' title='bbox 409 2445 548 2480; x_wconf 83' lang='lat' dir='ltr'>lanium</span> <span class='ocrx_word' id='word_1_180' title='bbox 576 2467 618 2470; x_wconf 85' lang='lat'>——</span> <span class='ocrx_word' id='word_1_181' title='bbox 645 2447 789 2481; x_wconf 86' lang='lat' dir='ltr'>simiam</span> <span class='ocrx_word' id='word_1_182' title='bbox 823 2447 863 2481; x_wconf 82' lang='lat' dir='ltr'>V.</span> <span class='ocrx_word' id='word_1_183' title='bbox 962 2451 981 2480; x_wconf 81' lang='lat'>2</span> <span class='ocrx_word' id='word_1_184' title='bbox 1008 2446 1165 2481; x_wconf 77' lang='lat' dir='ltr'>relicuas</span> <span class='ocrx_word' id='word_1_185' title='bbox 1197 2447 1333 2492; x_wconf 55' lang='lat' dir='ltr'>Bona,</span> <span class='ocrx_word' id='word_1_186' title='bbox 1371 2447 1531 2491; x_wconf 79' lang='lat' dir='ltr'>reliquas</span> <span class='ocrx_word' id='word_1_187' title='bbox 1567 2447 1654 2483; x_wconf 70' lang='lat' dir='ltr'>PV.</span> 
     </span>
     <span class='ocr_line' id='line_1_32' title="bbox 175 2505 1724 2551; baseline 0.002 -13"><span class='ocrx_word' id='word_1_188' title='bbox 175 2505 328 2539; x_wconf 82' lang='lat' dir='ltr'>obsonia</span> <span class='ocrx_word' id='word_1_189' title='bbox 345 2505 387 2548; x_wconf 75' lang='lat'>1²,</span> <span class='ocrx_word' id='word_1_190' title='bbox 414 2505 607 2550; x_wconf 80' lang='lat' dir='ltr'>opsonium</span> <span class='ocrx_word' id='word_1_191' title='bbox 627 2505 677 2547; x_wconf 73' lang='lat' dir='ltr'>N,</span> <span class='ocrx_word' id='word_1_192' title='bbox 703 2516 768 2550; x_wconf 86' lang='lat' dir='ltr'>ops</span> <span class='ocrx_word' id='word_1_193' title='bbox 795 2505 920 2540; x_wconf 88' lang='lat' dir='ltr'>ovium</span> <span class='ocrx_word' id='word_1_194' title='bbox 942 2505 982 2541; x_wconf 84' lang='lat' dir='ltr'>V.</span> <span class='ocrx_word' id='word_1_195' title='bbox 1058 2509 1077 2539; x_wconf 88' lang='grc'>4</span> <span class='ocrx_word' id='word_1_196' title='bbox 1104 2507 1290 2550; x_wconf 82' lang='lat' dir='ltr'>prestatur</span> <span class='ocrx_word' id='word_1_197' title='bbox 1312 2506 1352 2549; x_wconf 72' lang='grc' dir='ltr'>Γ,</span> <span class='ocrx_word' id='word_1_198' title='bbox 1378 2508 1585 2551; x_wconf 82' lang='lat' dir='ltr'>praestatus</span> <span class='ocrx_word' id='word_1_199' title='bbox 1616 2506 1724 2550; x_wconf 67' lang='lat' dir='ltr'><em>J’Ry.</em></span> 
     </span>
     <span class='ocr_line' id='line_1_33' title="bbox 177 2563 1725 2609; baseline 0 -11"><span class='ocrx_word' id='word_1_200' title='bbox 177 2568 196 2598; x_wconf 82' lang='lat'>5</span> <span class='ocrx_word' id='word_1_201' title='bbox 224 2563 341 2609; x_wconf 85' lang='lat' dir='ltr'>magis</span> <span class='ocrx_word' id='word_1_202' title='bbox 373 2564 442 2599; x_wconf 92' lang='lat' dir='ltr'>hoc</span> <span class='ocrx_word' id='word_1_203' title='bbox 469 2564 608 2599; x_wconf 81' lang='lat' dir='ltr'>dictum</span> <span class='ocrx_word' id='word_1_204' title='bbox 628 2564 668 2607; x_wconf 69' lang='lat'>1⁷,</span> <span class='ocrx_word' id='word_1_205' title='bbox 706 2565 741 2598; x_wconf 92' lang='lat' dir='ltr'>h.</span> <span class='ocrx_word' id='word_1_206' title='bbox 768 2565 801 2599; x_wconf 90' lang='lat' dir='ltr'>d.</span> <span class='ocrx_word' id='word_1_207' title='bbox 828 2577 875 2599; x_wconf 89' lang='lat' dir='ltr'>m.</span> <span class='ocrx_word' id='word_1_208' title='bbox 905 2564 992 2599; x_wconf 77' lang='lat' dir='ltr'>PR.</span> <span class='ocrx_word' id='word_1_209' title='bbox 1055 2565 1223 2599; x_wconf 81' lang='lat' dir='ltr'>existimo</span> <span class='ocrx_word' id='word_1_210' title='bbox 1243 2564 1283 2599; x_wconf 70' lang='grc' dir='ltr'>Γ.</span> <span class='ocrx_word' id='word_1_211' title='bbox 1360 2569 1379 2599; x_wconf 84' lang='grc'><strong>6</strong></span> <span class='ocrx_word' id='word_1_212' title='bbox 1406 2564 1587 2599; x_wconf 70' lang='lat' dir='ltr'>formosus</span> <span class='ocrx_word' id='word_1_213' title='bbox 1616 2564 1725 2609; x_wconf 68' lang='lat' dir='ltr'>PRy,</span> 
     </span>
     <span class='ocr_line' id='line_1_34' title="bbox 176 2622 638 2658; baseline -0.002 -1"><span class='ocrx_word' id='word_1_214' title='bbox 176 2635 247 2658; x_wconf 75' lang='lat' dir='ltr'>non</span> <span class='ocrx_word' id='word_1_215' title='bbox 281 2623 321 2658; x_wconf 75' lang='lat' dir='ltr'>V.</span> <span class='ocrx_word' id='word_1_216' title='bbox 408 2628 425 2658; x_wconf 75' lang='lat'><strong>7</strong></span> <span class='ocrx_word' id='word_1_217' title='bbox 453 2622 638 2658; x_wconf 67' lang='lat' dir='ltr'>faeieseV.</span> 
     </span>
    </p>
   </div>
   <div class='ocr_carea' id='block_1_7' title="bbox 176 2681 1726 2845">
    <p class='ocr_par' dir='ltr' id='par_1_13' title="bbox 176 2681 1726 2845">
     <span class='ocr_line' id='line_1_35' title="bbox 271 2681 1630 2727; baseline 0.001 -11"><span class='ocrx_word' id='word_1_218' title='bbox 271 2683 313 2727; x_wconf 82' lang='lat' dir='ltr'>V,</span> <span class='ocrx_word' id='word_1_219' title='bbox 341 2687 357 2716; x_wconf 92' lang='lat'>1</span> <span class='ocrx_word' id='word_1_220' title='bbox 387 2693 452 2717; x_wconf 85' lang='lat' dir='ltr'>om.</span> <span class='ocrx_word' id='word_1_221' title='bbox 478 2682 516 2716; x_wconf 71' lang='lat'>1⁷.</span> <span class='ocrx_word' id='word_1_222' title='bbox 579 2692 688 2726; x_wconf 84' lang='lat' dir='ltr'>saepe</span> <span class='ocrx_word' id='word_1_223' title='bbox 714 2681 850 2717; x_wconf 86' lang='lat' dir='ltr'>multos</span> <span class='ocrx_word' id='word_1_224' title='bbox 880 2681 972 2726; x_wconf 75' lang='lat' dir='ltr'>PR,</span> <span class='ocrx_word' id='word_1_225' title='bbox 1010 2683 1070 2717; x_wconf 73' lang='lat' dir='ltr'>secl</span> <span class='ocrx_word' id='word_1_226' title='bbox 1104 2683 1142 2716; x_wconf 78' lang='lat' dir='ltr'>in</span> <span class='ocrx_word' id='word_1_227' title='bbox 1173 2683 1237 2717; x_wconf 76' lang='lat' dir='ltr'>hoc</span> <span class='ocrx_word' id='word_1_228' title='bbox 1264 2693 1371 2727; x_wconf 80' lang='lat' dir='ltr'>saepe</span> <span class='ocrx_word' id='word_1_229' title='bbox 1405 2681 1470 2717; x_wconf 76' lang='lat' dir='ltr'>del.</span> <span class='ocrx_word' id='word_1_230' title='bbox 1499 2693 1541 2716; x_wconf 85' lang='lat' dir='ltr'>m.</span> <span class='ocrx_word' id='word_1_231' title='bbox 1567 2692 1630 2717; x_wconf 81' lang='lat' dir='ltr'>sec.</span> 
     </span>
     <span class='ocr_line' id='line_1_36' title="bbox 177 2740 1726 2787; baseline -0.001 -10"><span class='ocrx_word' id='word_1_232' title='bbox 177 2746 196 2777; x_wconf 85' lang='lat'><strong>2</strong></span> <span class='ocrx_word' id='word_1_233' title='bbox 223 2741 366 2787; x_wconf 83' lang='lat' dir='ltr'>lapides</span> <span class='ocrx_word' id='word_1_234' title='bbox 388 2741 428 2776; x_wconf 81' lang='lat' dir='ltr'>V.</span> <span class='ocrx_word' id='word_1_235' title='bbox 497 2745 516 2774; x_wconf 92' lang='lat'><strong>3</strong></span> <span class='ocrx_word' id='word_1_236' title='bbox 544 2741 590 2775; x_wconf 87' lang='lat' dir='ltr'>fio</span> <span class='ocrx_word' id='word_1_237' title='bbox 611 2752 682 2784; x_wconf 71' lang='lat' dir='ltr'>pro</span> <span class='ocrx_word' id='word_1_238' title='bbox 707 2742 812 2775; x_wconf 85' lang='lat' dir='ltr'>tanto</span> <span class='ocrx_word' id='word_1_239' title='bbox 835 2743 874 2775; x_wconf 90' lang='lat' dir='ltr'>V.</span> <span class='ocrx_word' id='word_1_240' title='bbox 948 2745 970 2775; x_wconf 88' lang='lat'>4</span> <span class='ocrx_word' id='word_1_241' title='bbox 996 2741 1176 2776; x_wconf 83' lang='lat' dir='ltr'>mercules</span> <span class='ocrx_word' id='word_1_242' title='bbox 1206 2741 1266 2785; x_wconf 78' lang='lat' dir='ltr'>M,</span> <span class='ocrx_word' id='word_1_243' title='bbox 1299 2752 1358 2774; x_wconf 87' lang='lat' dir='ltr'>me</span> <span class='ocrx_word' id='word_1_244' title='bbox 1385 2740 1551 2775; x_wconf 72' lang='lat' dir='ltr'>hercules</span> <span class='ocrx_word' id='word_1_245' title='bbox 1579 2740 1618 2783; x_wconf 92' lang='lat' dir='ltr'>V,</span> <span class='ocrx_word' id='word_1_246' title='bbox 1652 2752 1726 2775; x_wconf 87' lang='lat' dir='ltr'>me-</span> 
     </span>
     <span class='ocr_line' id='line_1_37' title="bbox 176 2799 1684 2845; baseline -0.001 -10"><span class='ocrx_word' id='word_1_247' title='bbox 176 2801 325 2836; x_wconf 87' lang='lat' dir='ltr'>hercule</span> <span class='ocrx_word' id='word_1_248' title='bbox 355 2800 441 2835; x_wconf 80' lang='lat' dir='ltr'>PR.</span> <span class='ocrx_word' id='word_1_249' title='bbox 516 2805 535 2834; x_wconf 80' lang='lat' dir='ltr'>ss</span> <span class='ocrx_word' id='word_1_250' title='bbox 563 2800 663 2834; x_wconf 85' lang='lat' dir='ltr'>venit</span> <span class='ocrx_word' id='word_1_251' title='bbox 688 2799 799 2834; x_wconf 88' lang='lat' dir='ltr'>etiam</span> <span class='ocrx_word' id='word_1_252' title='bbox 826 2799 896 2845; x_wconf 69' lang='lat' dir='ltr'>Rq,</span> <span class='ocrx_word' id='word_1_253' title='bbox 921 2800 1022 2835; x_wconf 85' lang='lat' dir='ltr'>venit</span> <span class='ocrx_word' id='word_1_254' title='bbox 1048 2811 1132 2835; x_wconf 84' lang='lat' dir='ltr'>ecce</span> <span class='ocrx_word' id='word_1_255' title='bbox 1162 2800 1238 2834; x_wconf 85' lang='lat' dir='ltr'>PV</span> <span class='ocrx_word' id='word_1_256' title='bbox 1260 2800 1310 2834; x_wconf 78' lang='lat' dir='ltr'>ed.</span> <span class='ocrx_word' id='word_1_257' title='bbox 1332 2800 1438 2835; x_wconf 80' lang='lat' dir='ltr'>Broc.</span> <span class='ocrx_word' id='word_1_258' title='bbox 1514 2804 1533 2832; x_wconf 78' lang='grc'><strong>9</strong></span> <span class='ocrx_word' id='word_1_259' title='bbox 1560 2810 1617 2834; x_wconf 79' lang='lat' dir='ltr'>res</span> <span class='ocrx_word' id='word_1_260' title='bbox 1645 2799 1684 2834; x_wconf 82' lang='lat' dir='ltr'>V.</span> 
     </span>
    </p>
   </div>
   <div class='ocr_carea' id='block_1_8' title="bbox 178 2858 1726 2933">
    <p class='ocr_par' dir='ltr' id='par_1_14' title="bbox 178 2858 1726 2933">
     <span class='ocr_line' id='line_1_38' title="bbox 178 2858 1726 2904; baseline -0.001 -10"><span class='ocrx_word' id='word_1_261' title='bbox 178 2865 221 2895; x_wconf 87' lang='grc'>10</span> <span class='ocrx_word' id='word_1_262' title='bbox 242 2859 527 2904; x_wconf 82' lang='lat' dir='ltr'>comprehensus</span> <span class='ocrx_word' id='word_1_263' title='bbox 556 2859 591 2892; x_wconf 78' lang='lat'>1¹</span> <span class='ocrx_word' id='word_1_264' title='bbox 615 2860 666 2893; x_wconf 76' lang='lat' dir='ltr'>ecl.</span> <span class='ocrx_word' id='word_1_265' title='bbox 686 2859 794 2893; x_wconf 79' lang='lat' dir='ltr'>Broc.</span> <span class='ocrx_word' id='word_1_266' title='bbox 824 2858 864 2902; x_wconf 88' lang='lat' dir='ltr'>V,</span> <span class='ocrx_word' id='word_1_267' title='bbox 897 2870 1132 2904; x_wconf 81' lang='lat' dir='ltr'>comprensus</span> <span class='ocrx_word' id='word_1_268' title='bbox 1159 2858 1206 2893; x_wconf 76' lang='lat' dir='ltr'>N.</span> <span class='ocrx_word' id='word_1_269' title='bbox 1263 2858 1375 2893; x_wconf 83' lang='lat' dir='ltr'>solvit</span> <span class='ocrx_word' id='word_1_270' title='bbox 1401 2858 1548 2893; x_wconf 80' lang='lat' dir='ltr'>sceleris</span> <span class='ocrx_word' id='word_1_271' title='bbox 1574 2858 1623 2902; x_wconf 74' lang='lat' dir='ltr'>N,</span> <span class='ocrx_word' id='word_1_272' title='bbox 1656 2859 1726 2893; x_wconf 84' lang='lat' dir='ltr'>sol-</span> 
     </span>
     <span class='ocr_line' id='line_1_39' title="bbox 258 2915 270 2933; baseline 0 0"><span class='ocrx_word' id='word_1_273' title='bbox 258 2915 270 2933; x_wconf 78' lang='grc' dir='ltr'>Β</span> 
     </span>
    </p>
   </div>
   <div class='ocr_carea' id='block_1_9' title="bbox 176 2941 457 2977">
    <p class='ocr_par' dir='ltr' id='par_1_15' title="bbox 176 2941 457 2977">
     <span class='ocr_line' id='line_1_40' title="bbox 176 2941 457 2977; baseline -0.007 0"><span class='ocrx_word' id='word_1_274' title='bbox 176 2942 231 2977; x_wconf 90' lang='lat' dir='ltr'>vit</span> <span class='ocrx_word' id='word_1_275' title='bbox 256 2941 383 2977; x_wconf 74' lang='lat' dir='ltr'>celeris</span> <span class='ocrx_word' id='word_1_276' title='bbox 417 2941 457 2975; x_wconf 93' lang='lat' dir='ltr'>V.</span> 
     </span>
    </p>
   </div>
  </div>
 </body>
</html>
