2028 3310
280 220 335 261 96

716 220 929 255 PHAEDRI
954 219 1177 254 FABVLAE
1204 218 1383 254 NOVAE.

733 328 806 360 DE
833 327 1020 360 mom:
1046 327 1371 360 REGNAN‘I’E.

791 395 847 439 (v.
874 399 977 430 3—8
1004 406 1048 430 ex
1073 395 1138 431 Ph.
1166 395 1226 438 lv,
1249 397 1318 439 14.)

560 467 660 509 Pari
692 468 872 522 periclo,
905 469 993 509 sive
1025 483 1171 509 verum
1202 467 1388 508 dixerint

492 536 573 579 Seu
606 538 763 580 falsum
796 538 989 592 domino,
1021 539 1322 580 conflictantur
1354 537 1493 578 aulici.

562 643 668 685 Cum
700 659 745 685 se
777 645 962 686 ferarum
994 658 1139 699 regem
1171 644 1343 685 fecisset
1375 643 1440 684 leo

490 715 549 756 Et
581 715 811 769 aequitatis
844 716 975 757 vellet
1006 715 1165 756 famam
1199 714 1412 768 consequi,

492 786 531 826 A
562 785 748 839 pristina
778 786 951 827 deflexit
984 784 1287 827 consuetudine

491 856 633 911 Atque
665 857 776 898 inter
806 857 903 897 illas
936 856 1053 897 tenui
1086 859 1312 898 contentus
1345 855 1438 896 cibo

491 925 648 968 Sancta
680 927 928 980 incorrupta
960 927 1054 968 iura
1085 926 1290 968 reddebat
1321 925 1415 966 fide.

491 996 725 1052 Postquam
758 998 906 1039 labare
939 998 1081 1051 coepit
1112 996 1389 1051 poenitentia,

492 1066 659 1108 Mutare
693 1068 791 1121 quia
821 1071 1021 1109 naturam
1054 1082 1140 1108 non
1172 1070 1339 1121 poterat
1375 1082 1507 1120 suani,

492 1137 678 1179 Deduxit
710 1138 875 1192 aliquot
906 1138 951 1179 in
983 1141 1194 1180 secretum
1226 1138 1400 1190 bestias,

490 1207 549 1248 Et
579 1223 681 1249 num
712 1211 913 1262 puterent
945 1223 1019 1250 ora
1046 1208 1264 1263 quaesivit
1295 1208 1391 1248 sibi.

492 1278 576 1326 Qui
607 1278 804 1321 dixerant
835 1282 983 1333 putere
1016 1282 1058 1320 et
1091 1279 1162 1333 qui
1194 1293 1279 1320 non
1311 1278 1521 1331 dixerant,

493 1348 730 1390 Lacerabat
763 1364 927 1400 omnes,
960 1349 1193 1403 cupiditate
1227 1348 1461 1402 sanguinis.

492 1417 599 1460 Cum
631 1420 780 1461 multis
813 1419 893 1461 hoc
923 1419 1114 1472 fecisset,
1146 1419 1319 1460 tandem
1352 1419 1524 1459 simiuni

492 1489 799 1545 Interrogavit,
832 1505 878 1531 os
911 1505 1013 1531 num
1045 1490 1200 1532 feteret
1232 1490 1326 1531 sibi.

492 1559 601 1601 Tum
634 1560 782 1602 simius
816 1562 883 1602 vel
910 1562 1179 1602 cinnamomo
1213 1560 1384 1601 suavius

492 1629 618 1672 Olere
651 1631 760 1673 dixit
792 1635 835 1673 et
866 1632 1041 1673 deorum
1075 1631 1296 1672 altaribus.

490 1700 737 1743 Permulsus
769 1701 1006 1756 impudenti
1038 1716 1112 1743 rex
1143 1701 1363 1742 mendacio

491 1771 541 1812 In
565 1786 767 1825 praesens
793 1772 892 1814 huic
918 1773 1120 1826 pepercit.
1164 1772 1277 1825 Mox,
1303 1770 1472 1812 fraudes
1498 1785 1631 1812 novas

491 1841 551 1883 Vt
583 1843 824 1897 moliretur,
856 1844 1054 1884 morbum
1088 1843 1288 1884 simulare
1322 1842 1484 1896 incipit.

492 1911 658 1954 Venere
691 1914 860 1968 medici,
894 1914 965 1968 qui
999 1928 1202 1954 venarum
1235 1913 1430 1967 pulsibus

492 1980 785 2024 Consideratis
819 1984 997 2025 simulac
1030 1998 1180 2025 sanum
1214 1983 1420 2037 viderunt,

491 2052 551 2094 Vt
583 2057 796 2095 recrearet
828 2054 938 2095 vires
973 2054 1225 2108 languentes
1258 2053 1338 2107 leo,

492 2122 645 2165 Cibum
678 2128 906 2170 suaserunt
937 2140 1103 2166 sumere
1136 2125 1323 2179 aliquem
1355 2124 1633 2178 incognitum,

493 2195 574 2243 Qui
607 2195 748 2237 facilis
779 2195 893 2237 foret
925 2199 967 2236 et
1000 2195 1173 2237 tolleret
1205 2194 1437 2235 fastidium.

492 2265 612 2306 'l‘unc
643 2266 734 2315 ille,
767 2267 857 2320 regi
892 2266 990 2320 quia>
1023 2265 1122 2306 licet
1155 2264 1264 2318 quod
1299 2264 1490 2305 libuerit:

492 2335 708 2390 Ignotast,
741 2337 897 2390 inquit,
930 2336 1042 2376 simii
1077 2335 1201 2375 nobis
1235 2349 1351 2387 carm

492 2407 539 2447 ln
573 2407 654 2448 hac
687 2420 895 2461 cognosse
928 2407 1051 2459 cupio
1085 2406 1139 2446 sit
1174 2405 1312 2459 qualis
1346 2420 1482 2459 sapor.

497 2477 552 2519 Vt
583 2477 707 2531 dixit,
741 2478 906 2531 rapitur
943 2477 981 2517 in
1016 2479 1289 2529 conspectum
1324 2476 1485 2528 simius,

492 2548 577 2589 Leo
612 2563 735 2602 quem
769 2561 1064 2601 comprensum
1100 2547 1190 2587 sine
1224 2561 1341 2587 mora
1375 2547 1461 2588 leto
1493 2546 1621 2587 dedit.

487 2726 814 2759 DEME'PRIVS
839 2725 958 2758 REX
986 2725 1055 2757 ET
1082 2724 1406 2758 MENANDER
1432 2723 1623 2757 POETA.

817 2794 873 2838 (V.
902 2799 922 2828 ὓ
986 2800 1039 2828 23.
1095 2794 1156 2829 Ph.
1182 2794 1221 2834 v,
1246 2796 1290 2833 ι.)

564 2872 780 2917 Quantum
814 2882 838 2908 a
870 2867 1002 2908 livore
1035 2866 1219 2907 indicum
1255 2865 1540 2919 praesentium

497 2938 699 2979 Diversus
734 2938 860 2978 fuvrit
892 2937 982 2978 avvi
1018 2936 1175 2977 candor
1209 2936 1391 2989 pristini.

1791 1149 1831 1178 10

1791 1501 1831 1529 15

1788 1854 1832 1882 221)

1789 2558 1832 2588 30

2006 1218 2023 1280 ,Λι
