2028 3310
284 221 367 261 110
668 217 1055 255 COMMENTARIVS
1081 217 1130 251 IN
1157 215 1439 251 PHAEDRVM.

401 328 466 382 13,
495 329 515 368 1
551 327 603 369 cf.
636 328 662 368 l.
694 326 744 368 de
776 326 853 367 Ph.
886 328 929 366 et
961 325 1039 366 Av.
1071 324 1156 365 fab.
1188 336 1258 378 pg.
1284 323 1353 364 30.

400 398 466 451 13,
491 399 519 438 4
551 398 690 450 luyens
719 397 848 438 vitam
877 396 1048 448 degerem
1082 394 1144 435 ita
1176 393 1306 435 scribi
1338 392 1548 446 oportuit,
1587 406 1674 433 non
1703 393 1831 433 vitam

281 469 420 522 Zuyens
450 469 617 521 defleret,
651 467 760 508 sieut
793 465 953 520 legitur
983 465 1021 520 I,
1047 465 1086 515 3,
1112 466 1140 507 2
1170 465 1297 506 vitam
1323 464 1478 517 deyerffi
1511 463 1578 513 30,
1599 463 1626 504 6
1651 463 1833 516 deyerent

278 540 417 580 vitam.

401 609 465 662 13,
495 609 545 649 17
598 608 798 662 videtque
831 610 874 648 et
906 620 1080 661 aegram
1113 609 1155 647 et·
1186 605 1294 647 facie
1325 604 1504 659 pulchra
1534 603 1750 646 feminam.

280 683 399 721 vetus
432 679 558 720 illud:
591 679 754 720 honesta
784 678 909 730 facies
939 681 1052 718 muta
1085 677 1422 718 commendatiost.

401 761 468 814 13,
498 761 548 802 18
671 763 891 814 correptus
925 759 1090 799 animus
1124 757 1223 799 ilico
1256 757 1536 799 succenditur.

277 831 371 872 ilico
404 830 508 872 alibi
540 845 626 871 non
657 830 873 872 invenitur
905 829 1015 883 apud
1048 828 1302 869 Phaedrum.

400 901 464 951 14,
495 902 547 942 15
579 904 735 954 repente
767 905 809 942 et
839 901 969 942 subito
1001 898 1240 954 promiscue
1277 897 1454 939 adhibet
1486 897 1563 938 Ph.

400 972 464 1024 14,
494 971 546 1013 16
578 972 739 1012 intonat
768 972 913 1012 mundi
942 971 1107 1023 frayom
1140 969 1183 1010 cf
1222 967 1296 1022 IV,
1326 968 1390 1020 19,
1417 968 1485 1021 22,
1511 968 1579 1021 23,
1613 967 1680 1008 24.

401 1042 466 1096 14,
492 1042 547 1083 28
580 1043 708 1084 duleis
740 1041 1025 1090 aecusativus,
1059 1040 1132 1094 qui
1163 1039 1349 1093 pertinet
1381 1037 1433 1079 ad
1465 1039 1644 1091 nuptias.

400 1114 466 1166 14,
492 1112 546 1153 29
578 1113 840 1166 aequalitatis
870 1113 896 1153 i.
918 1127 950 1153 e.
982 1110 1227 1164 aequalium,
1259 1106 1489 1162 συνήβων;
1523 1109 1584 1150 ita
1616 1107 1835 1163 infrax(16‚

283 1181 328 1238 6)
359 1185 526 1224 societas
556 1197 633 1236 pro
664 1183 774 1225 socii.

401 1265 465 1315 14,
492 1265 560 1318 32,
587 1265 654 1318 33,
688 1265 738 1306 ef.
770 1264 845 1315 IV,
872 1264 940 1314 26,
967 1262 1153 1304 31-33.

402 1347 466 1401 15,
495 1347 519 1388 8
552 1348 676 1387 immo
707 1347 754 1387 m'
784 1346 961 1395 dederi3;
1005 1345 1110 1386 satis
1145 1344 1314 1398 quidem
1348 1343 1571 1384 commoda
1602 1342 1724 1397 haec,
1763 1343 1835 1384 sed

280 1418 427 1460 eaden]
460 1417 589 1459 dubia
621 1417 868 1471 admodum,
901 1430 995 1457 eum
1016 1415 1091 1456 Ph.
1113 1414 1217 1455 alibi
1244 1428 1476 1468 numquam
1497 1414 1651 1456 dixerit
1682 1414 1729 1454 m‘
1758 1428 1836 1467 pro

277 1489 372 1530 nisi.
436 1503 566 1544 quare
599 1487 772 1543 gravius
805 1487 956 1528 vitium
989 1485 1123 1526 latere
1157 1488 1223 1526 est
1246 1484 1484 1539 probabile.

402 1571 467 1622 18,
492 1572 520 1612 4
553 1570 603 1612 cf.
635 1570 662 1612 l.
693 1570 744 1612 de
775 1569 853 1611 Ph.
886 1572 929 1610 et
960 1569 1039 1610 Av.
1071 1568 1156 1610 fab.
1187 1581 1257 1623 pg.
1279 1567 1346 1609 31.
1424 1615 1429 1618 ¹

399 1653 467 1707 20,
497 1653 608 1694 1—6
641 1652 691 1694 ef.
723 1652 840 1694 Pers.
872 1652 979 1706 prol.
1001 1652 1158 1693 8—14.

398 1736 467 1790 20,
493 1736 519 1776 2
542 1738 685 1788 petra,·
718 1734 798 1776 hoe
831 1749 918 1776 voc.
939 1733 1025 1775 iani
1046 1734 1211 1776 Ennius
1232 1749 1351 1787 usus3
1383 1733 1479 1774 dein
1500 1732 1699 1786 frequens
1725 1731 1837 1772 idem

244 1852 249 1856 ,
281 1821 476 1849 sermone
509 1805 722 1847 communi
753 1804 1062 1859 Romanor-uim
1096 1805 1146 1846 cf.
1178 1804 1291 1845 Fest.
1323 1818 1393 1858 pg.
1415 1804 1500 1845 206
1533 1803 1594 1845 ed.
1627 1802 1683 1844 M.

398 1889 454 1930 ib.
477 1889 661 1942 pendens
683 1891 804 1941 petra
836 1887 969 1941 Iann„
999 1891 1048 1929 ut
1066 1887 1196 1942 Verg.
1223 1887 1298 1928 ecl.
1325 1888 1358 1940 1,
1381 1887 1432 1928 77
1466 1886 1641 1939 capellas
1668 1886 1715 1927 cle
1740 1899 1839 1938 rupe

277 1961 492 2014 pendentes
523 1958 644 2000 dixit.

401 2042 469 2096 20,
496 2041 521 2083 6
553 2041 667 2093 vafer
699 2040 804 2082 alibi
836 2055 921 2082 non
955 2044 1073 2082 extat
1109 2055 1175 2094 ap.
1207 2039 1282 2080 Ph.

399 2125 468 2179 21,
494 2125 521 2165 4
552 2125 700 2165 ‘iterum
722 2125 826 2166 alibi
848 2139 933 2165 non
953 2124 1168 2165 invenitur
1192 2122 1302 2176 apud
1323 2121 1576 2175 Phaedrum,
1597 2121 1667 2176 qui
1695 2124 1838 2161 tamen

281 2196 459 2237 iterandi
490 2195 626 2236 utitur
659 2195 801 2236 verbo.

402 2279 470 2332 24,
497 2278 522 2319 6
554 2279 692 2320 dolosa
726 2278 986 2333 iungendum
1019 2292 1112 2319 cum
1144 2277 1236 2318 scio.

401 2361 469 2415 24,
496 2361 518 2401 7
551 2364 763 2409 senectam
796 2374 836 2401 ee
866 2363 1021 2402 senecta
1051 2358 1126 2411 IV,
1153 2358 1191 2407 2,
1224 2358 1285 2398 10.

402 2443 467 2493 26,
499 2444 516 2483 1
555 2442 634 2483 etsi
668 2441 823 2495 triplex
846 2441 1040 2495 dactylus
1073 2440 1233 2494 poterit
1265 2439 1399 2480 videri
1433 2439 1651 2493 eleganter
1677 2439 1841 2481 adhibi-

283 2517 351 2555 tus
385 2513 436 2554 ad
458 2512 779 2554 describendam
808 2512 965 2566 leporis
992 2511 1197 2566 fugientis
1220 2511 1502 2552 celeritatem.
1535 2510 1673 2566 magis
1696 2514 1839 2553 tamen

283 2584 445 2638 placet,
490 2582 599 2637 quod
640 2583 752 2624 infra
784 2585 848 2624 est
890 2581 1162 2635 adscriptum.
1226 2586 1413 2622 ceterum
1445 2580 1550 2622 illud
1591 2581 1708 2622 celeri
1740 2582 1841 2634 pede

284 2655 414 2696 etiam
448 2654 608 2708 legitur
639 2653 712 2706 IV,
743 2654 807 2707 19,
834 2654 871 2695 6.

403 2738 456 2779 28
490 2736 595 2777 haee
638 2736 784 2777 fabula
825 2736 956 2778 etiam
1001 2735 1214 2777 invenitur
1259 2735 1369 2789 apud
1410 2736 1622 2790 Aesopum
1665 2736 1836 2777 nr.189

284 2809 345 2849 od.
380 2808 652 2858 Halmianae3
696 2811 882 2848 ceterum
915 2807 1077 2861 pridem
1112 2806 1393 2866 intellectigm,
1427 2821 1533 2860 quae
1566 2806 1633 2846 hi(-
1666 2820 1837 2847 narran-

284 2882 354 2919 tur
382 2878 432 2919 ‹le
467 2879 586 2932 fibro,
618 2878 832 2932 pertinere
866 2877 917 2919 ad
952 2877 990 2917 id
1026 2891 1157 2929 genus
1192 2876 1465 2929 fabellarum,
1505 2876 1612 2930 quod
1635 2876 1837 2917 Germani

286 2953 439 2990 vocant
472 2947 895 3004 ‘jagdgeschichten’.
