2028 3310
258 190 340 230 114

923 195 1076 230 INDEX
1102 196 1128 231 Ι.

462 297 606 343 Papilio
633 310 782 344 vespam
808 301 960 344 propter
985 299 1146 334 volitans
1171 299 1317 336 viderat
1341 301 1391 336 VI
1417 307 1472 339 29.

463 344 594 380 Pastor
619 346 783 390 capellae
810 358 922 381 cornu
947 346 1079 381 baculo
1104 346 1266 391 fregerat
1290 348 1341 382 VI
1368 353 1424 383 22.

463 390 616 426 Pastum
640 393 782 427 exitura
807 393 924 428 fetum
950 393 1177 428 commonuit
1202 406 1308 429 suum
1334 395 1402 430 VlI
1429 401 1460 431 8.

462 437 734 474 Paterfamilias
762 451 912 475 saevum
937 440 1099 475 habebat
1122 440 1240 475 filium
1266 442 1315 475 VI
1347 446 1397 476 10.

461 484 561 520 Pavo
587 486 633 520 ad
660 487 836 522 Iunonem
862 487 963 522 venit
988 487 1138 532 indigne
1163 487 1283 523 ferens
1309 489 1359 523 Ill
1389 493 1442 524 18.

461 531 624 567 Pendere
651 534 697 568 ad
722 534 862 569 lanium
889 534 1039 578 quidam
1064 534 1159 568 vidit
1183 535 1328 570 simium
1356 537 1407 570 ΙΙΙ
1433 541 1464 571 4.

462 578 571 614 Peras
597 580 762 625 inposuit
785 581 951 626 Iuppiter
975 580 1081 616 nobis
1107 581 1196 616 duas
1222 583 1273 617 lv
1302 588 1353 618 10.

459 625 629 669 Pereunt,
655 628 833 662 auxilium
858 628 921 673 qui
948 628 1022 663 suis
1049 628 1139 662 dant
1163 629 1332 664 hostibus
1357 630 1425 664 VII
1452 635 1506 665 13.

460 672 751 709 Periculosumst
776 675 923 710 credere
950 678 988 710 et
1011 686 1084 709 non
1111 676 1257 711 credere
1284 677 1336 710 ΙΙΙ
1364 682 1416 712 10.

460 719 659 755 Personam
684 723 867 767 tragicam
891 723 986 757 forte
1012 721 1142 766 vulpes
1168 722 1312 757 viderat
1339 724 1350 757 Ι
1379 728 1410 758 7.

459 766 619 802 Phaedri
644 769 792 804 libellos
818 770 941 814 legere
968 768 1000 803 si
1025 768 1211 803 desideras
1238 770 1288 802 ΙΙΙ
1313 771 1405 814 prol.

457 813 679 859 Plerumque
706 815 810 851 stulti
835 816 949 850 risum
975 816 1063 849 dum
1090 817 1238 860 captant
1263 816 1384 850 levem
1409 817 1425 850 Ι
1450 821 1506 852 29.

459 860 545 895 Plus
571 873 650 897 esse
675 863 712 897 in
738 874 811 897 uno
838 874 947 907 saepe
974 873 1085 906 quam
1111 861 1148 896 in
1173 863 1283 897 turba
1308 863 1396 897 boni
1421 864 1472 897 IV
1498 868 1529 898 5.

457 907 547 943 Post
571 909 714 954 aliquot
738 922 852 945 annos
879 910 1060 953 quaedam
1087 908 1263 944 dilectum
1289 909 1409 944 virum
1435 911 1486 945 VI
1515 915 1568 945 13.

458 954 659 1001 Praecepto
685 957 847 992 monitus
874 967 983 1001 saepe
1008 957 1046 990 te
1074 956 1263 991 considera
1288 957 1340 991 ΙΙΙ
1366 960 1398 991 8.

456 1002 726 1039 Ρ13νο13νο10
752 1004 829 1038 labi
854 1004 1029 1038 mortales
1056 1003 1177 1037 solent
1202 1003 1232 1037 V
1261 1009 1291 1038 5.

456 1048 649 1085 Premente
676 1053 785 1095 partu
812 1050 932 1085 scrofa
958 1062 1040 1085 011111
1068 1052 1233 1094 gemeret
1257 1051 1380 1085 iacens
1406 1052 1457 1085 VI
1485 1056 1539 1086 17.

455 1095 656 1132 Puerorum
681 1098 719 1132 in
744 1098 855 1132 turba
880 1097 1030 1141 quidam
1058 1097 1246 1132 ludentem
1272 1098 1418 1133 Atticus
1443 1099 1494 1133 ΙΙΙ
1522 1103 1576 1134 14.

458 1141 575 1183 Quam
601 1144 718 1178 dulcis
745 1144 793 1179 sit
817 1145 980 1186 libertas,
1006 1145 1168 1178 breviter
1192 1145 1394 1189 proloquar
1418 1146 1471 1180 III
1497 1151 1528 1180 7.

456 1188 631 1230 Quamvis
658 1191 833 1226 sublimes
860 1191 996 1226 debent
1019 1191 1179 1226 humiles
1204 1193 1368 1226 metuere
1393 1193 1409 1226 Ι
1435 1197 1490 1228 28.

458 1237 643 1278 Quantum
670 1239 836 1273 valerent
859 1238 956 1272 inter
980 1238 1148 1272 homines
1174 1237 1321 1273 litterae
1345 1239 1397 1273 IV
1423 1244 1478 1275 26.

458 1283 528 1325 Qui
553 1285 624 1319 fert
648 1285 755 1319 malis
781 1285 959 1320 auxilium
985 1286 1070 1329 post
1093 1286 1239 1330 tempus
1266 1285 1368 1320 dolet
1392 1286 1443 1321 IV
1469 1291 1524 1322 20.

456 1330 526 1373 Qui
551 1333 658 1366 natus
685 1334 741 1367 est
765 1331 904 1374 infelix,
930 1343 1004 1367 non
1029 1331 1145 1366 vitam
1170 1332 1279 1367 modo
1305 1333 1355 1367 IV
1383 1337 1414 1367 1.

456 1377 527 1420 Qui
550 1379 712 1423 pretium
738 1379 861 1414 meriti
887 1379 932 1414 ab
959 1379 1125 1423 inprobis
1152 1379 1337 1414 desiderat
1363 1381 1377 1414 l
1404 1385 1436 1416 8.

456 1424 527 1467 Qui
552 1437 590 1460 se
617 1426 818 1461 committit
841 1426 985 1461 homini
1009 1426 1208 1460 tutandum
1231 1425 1388 1472 inprobo
1415 1429 1430 1462 I
1456 1432 1511 1462 31.

458 1472 529 1514 Qui
555 1484 593 1507 se
618 1473 764 1508 laudari
788 1474 926 1518 gaudet
950 1473 1072 1508 verbis
1099 1473 1262 1508 subdolis
1288 1474 1304 1507 Ι
1332 1478 1384 1509 13.

456 1519 526 1561 Qui
552 1520 728 1555 sustinere
754 1532 828 1555 non
852 1522 978 1566 potest
1002 1520 1193 1565 proprium
1219 1521 1359 1555 malum
1385 1522 1452 1556 VII
1482 1527 1511 1558 7.

455 1566 682 1611 Quicumque
708 1568 833 1602 amisit
858 1567 1078 1612 dignitatem
1104 1567 1299 1611 pristinam
1325 1569 1341 1601 I
1367 1572 1422 1603 21.

455 1613 682 1658 Quicumque
708 1615 808 1659 turpi
833 1615 961 1649 fraude
988 1614 1102 1649 semel
1126 1614 1289 1648 innotuit
1314 1615 1328 1648 I
1357 1619 1409 1650 10.

454 1660 610 1702 Quidam
635 1662 865 1696 immolasset
889 1672 1032 1696 verrem
1058 1673 1141 1695 cum
1167 1663 1295 1696 sancto
1322 1662 1471 1696 Herculi
1497 1663 1529 1697 V
1555 1668 1586 1699 4.

454 1707 612 1749 Quidam
637 1720 703 1753 per
727 1720 836 1754 agros
863 1708 1011 1743 devium
1037 1719 1190 1752 carpens
1215 1709 1287 1743 iter
1311 1709 1362 1743 VI
1388 1713 1444 1744 21.

454 1754 550 1797 Quid
575 1755 738 1790 iudicare
765 1756 905 1801 cogitet
929 1756 1025 1790 livor
1050 1756 1170 1790 malus
1196 1756 1246 1789 IV
1272 1760 1327 1789 22.

452 1802 618 1846 Repente
644 1802 809 1838 liberalis
835 1802 958 1837 stultis
985 1804 1111 1846 gratus
1137 1804 1193 1837 est
1217 1803 1232 1836 I
1258 1806 1314 1837 23.

452 1849 613 1893 Rogavit
637 1850 742 1892 alter,
768 1850 934 1884 tribadas
960 1851 998 1883 et
1022 1849 1153 1884 molles
1179 1860 1299 1884 mares
1324 1850 1375 1884 IV
1404 1855 1456 1885 16.

452 1896 607 1940 Serpens
633 1897 810 1931 lacertam
835 1896 931 1931 forte
957 1896 1151 1931 adversam
1176 1897 1375 1941 prenderat
1401 1898 1450 1932 VI
1476 1902 1531 1934 23.

452 1943 585 1977 Servus
611 1944 826 1988 profugiens
852 1943 1041 1978 dominum
1067 1945 1219 1978 naturae
1245 1955 1397 1989 asperae
1423 1945 1473 1979 Vl
1503 1949 1555 1979 18.

452 1989 530 2024 Sibi
555 2001 628 2024 non
655 2002 783 2026 cavere
810 1992 847 2025 et
872 1990 955 2025 aliis
983 1990 1178 2025 consilium
1204 1991 1290 2026 dare
1318 1992 1331 2025 I
1359 1996 1390 2026 9.

452 2036 638 2081 Siquando
664 2038 702 2072 in
728 2037 830 2072 silvis
857 2049 942 2072 urso
969 2037 1102 2072 desunt
1127 2037 1255 2082 copiae
1282 2038 1331 2073 Vl
1358 2040 1413 2074 20.

451 2084 580 2119 Solent
603 2085 799 2120 mendaces
824 2085 925 2120 luere
950 2096 1089 2129 poenas
1115 2084 1251 2122 malfici
1277 2086 1291 2119 Ι
1321 2090 1374 2120 17.

451 2131 554 2166 Solet
579 2143 600 2166 3
625 2132 810 2177 despectis
836 2144 902 2177 par
928 2131 1055 2166 referri
1081 2133 1203 2177 gratia
1228 2133 1277 2166 ΙΙΙ
1305 2136 1337 2167 2.

451 2178 613 2212 Stultum
639 2179 832 2214 consilium
859 2191 930 2214 non
957 2179 1067 2213 modo
1094 2179 1226 2214 effectu
1252 2182 1353 2214 caret
1379 2180 1393 2213 Ι
1419 2184 1474 2214 20.

451 2226 647 2260 Successus
673 2227 719 2261 ad
746 2226 1108 2271 perniciem'multos
1135 2226 1291 2260 devocat
1316 2227 1364 2260 ΙΙΙ
1391 2231 1422 2262 5.

451 2272 567 2317 Super
592 2273 789 2308 iuvencum
816 2274 940 2308 stabat
965 2273 1148 2308 deiectum
1175 2273 1232 2307 leo
1260 2274 1289 2306 ΙΙ
1321 2278 1349 2307 1.

451 2319 656 2364 Supersunt
681 2320 772 2354 mihi
798 2332 891 2364 quae
919 2320 1087 2362 scribam,
1115 2320 1177 2354 sed
1204 2331 1316 2364 parco
1342 2320 1459 2355 sciens
1488 2322 1535 2355 111
1562 2322 1648 2367 epil.

450 2366 505 2400 'l'u
531 2367 604 2411 qui,
631 2370 771 2410 nasute,
799 2367 936 2412 scripta
961 2366 1158 2412 destringis
1184 2378 1267 2401 mea
1292 2367 1341 2401 IV
1369 2372 1399 2402 7.

452 2413 520 2448 Vbi
546 2426 662 2449 vanus
687 2414 831 2449 animus
857 2425 946 2448 aura
973 2416 1102 2458 eaptus
1128 2413 1261 2448 frivola
1287 2414 1315 2447 V
1345 2419 1375 2449 7.

450 2461 568 2495 Vnam
594 2462 817 2506 expetebant
841 2461 1021 2505 virginem
1046 2460 1196 2496 iuvenes
1223 2461 1294 2496 duo
1321 2462 1369 2495 VI
1399 2466 1452 2496 14.

451 2508 525 2542 Vsu
550 2508 690 2553 peritus
716 2508 861 2543 hariolo
888 2508 1053 2543 veracior
1079 2509 1127 2541 ΙΙΙ
1155 2513 1186 2542 3.

450 2555 499 2589 Vt
525 2555 618 2590 vidit
642 2555 764 2590 asinus
791 2555 939 2590 domino
966 2555 1125 2589 blandiri
1153 2567 1216 2589 suo
1245 2556 1309 2589 Vll
1336 2560 1368 2590 3.

448 2601 566 2637 Vtilia
591 2603 695 2638 nobis
720 2615 813 2647 quae
841 2603 915 2637 sint
940 2602 1010 2641 die.
1038 2602 1195 2646 Phoebe,
1223 2603 1374 2638 obsecro
1401 2604 1449 2638 VI
1477 2608 1508 2638 (ἱ.

450 2649 584 2684 Vtilius
610 2650 662 2684 nil
689 2662 767 2685 esse
794 2649 933 2685 homini
961 2662 1068 2693 quani
1096 2652 1194 2684 recte
1221 2650 1321 2694 loqui
1352 2651 1397 2685 lv
1426 2655 1484 2694 13;
1513 2651 1576 2685 VH
1610 2657 1661 2686 ιε’».

451 2697 570 2731 Vicini
597 2697 686 2731 furis
713 2697 875 2732 celebres
902 2697 995 2731 vidit
1020 2697 1167 2742 nuptias
1195 2698 1207 2731 l
1236 2703 1266 2731 (3.

449 2743 634 2779 Victorem
660 2744 755 2780 forte
782 2743 944 2789 gymnici
970 2744 1180 2778 certaminis
1207 2745 1254 2779 Vl
1284 2750 1337 2779 11.

450 2791 604 2826 Virtutis
631 2804 759 2836 expers
787 2792 906 2827 verbis
932 2791 1072 2826 iactans
1098 2792 1255 2835 gloriam
1285 2793 1295 2826 l
1327 2797 1379 2827 11.

448 2839 609 2883 Vulgare
636 2839 744 2873 amici
773 2851 915 2881 nomen,
943 2838 1005 2873 sed
1033 2851 1114 2873 rara
1140 2842 1194 2874 cst
1221 2839 1308 2873 fides
1338 2840 1382 2873 ΙΙΙ
1413 2845 1443 2874 1).

448 2886 604 2930 Vulpem
633 2887 789 2929 rogabat
814 2887 955 2931 partein
984 2886 1120 2920 caudae
1147 2886 1274 2920 simius
1303 2886 1346 2920 Vl
1381 2892 1407 2921 l.

451 2933 586 2977 vulpes
613 2934 733 2968 cubile
760 2934 902 2968 fodiens
929 2933 1014 2967 1111111
1043 2936 1176 2967 tvm-am
1205 2933 1298 2968 eruit
1327 2934 1370 2968 lv
1400 2938 1454 2969 21.
