2028 3310
300 206 357 247 90

742 206 954 241 PHAEDRI
979 205 1203 239 FABVLAE
1229 205 1405 240 NOVAE.

511 314 592 356 Sed
623 329 709 354 non
745 315 937 367 figuram.
987 312 1131 367 Atque
1162 313 1255 367 ipsa
1286 316 1328 354 te
1361 313 1492 367 recipi
1526 315 1653 367 vetat,

510 385 596 425 Sub
630 384 770 437 speeie
801 383 919 424 cuius
950 386 1144 424 nostrum
1178 384 1347 438 quaeris
1380 383 1642 438 sanguinem.

581 490 796 538 Quantum
827 503 977 542 parere
1010 489 1169 530 liberos
1201 489 1451 543 parentibus

507 559 738 614 Expediat,
768 558 847 600 tali
880 558 1196 602 demonstratur
1227 559 1387 601 fabula.

1033 702 1106 744 IX.

679 773 893 806 SERVVS
918 773 1223 806 FVGITIVVS
1248 773 1319 805 ΕΤ
1346 773 1466 806 LEO.

744 841 863 886 (Rom.
891 841 959 881 111,
983 847 1011 875 ι.
1062 841 1124 876 Dr.
1151 852 1235 886 app.
1263 825 1314 883 Π,
1336 842 1405 885 14.)

580 914 767 956 Adsidue
801 913 913 968 quod
945 914 1134 955 iocemur
1166 913 1277 955 fictis
1309 913 1482 966 fabulis,

507 985 763 1031 Tribuentes
796 999 942 1025 vocem
976 999 1087 1026 nunc
1117 984 1252 1037 ferae,
1283 999 1393 1025 nunc
1426 984 1582 1039 arbori,

509 1056 707 1110 Rugosae
739 1055 893 1096 frontis
926 1055 1143 1109 improbat
1175 1055 1394 1108 severitas,

509 1126 692 1180 oditque
724 1140 888 1178 verum,
920 1125 1030 1180 quod
1064 1139 1158 1166 eum
1192 1126 1280 1166 risu
1311 1125 1478 1167 dieitur.

509 1197 590 1238 sed
623 1197 854 1250 diligenter
886 1211 1027 1237 rerum
1060 1211 1211 1237 causas
1243 1196 1424 1250 inspice:

506 1267 674 1308 Natura
705 1267 750 1308 in
782 1267 897 1308 omni
929 1281 1078 1308 nosces
1111 1267 1288 1307 affectus
1319 1280 1456 1320 pares,

509 1338 664 1380 Odium
690 1340 817 1392 atque
845 1352 1034 1379 amorem
1063 1339 1105 1379 et
1131 1352 1227 1378 cum
1252 1337 1435 1378 tristitia
1460 1336 1675 1392 gaudium.

509 1409 668 1458 Quodsi
699 1411 855 1450 natura
886 1422 1006 1462 voce,
1038 1411 1085 1449 ut
1116 1407 1333 1461 homines,
1365 1410 1507 1449 cetera

508 1479 740 1533 Donasset,
770 1479 896 1521 dictis
929 1494 1123 1520 cerneres
1155 1479 1438 1533 prudentibus

508 1549 637 1591 Feras
671 1553 833 1592 certare
867 1564 962 1591 eum
995 1550 1237 1604 sapientum
1268 1553 1452 1604 pectore.

507 1621 623 1669 Quae
655 1636 708 1662 ne
740 1621 897 1662 dixisse
930 1620 1076 1662 videar
1107 1619 1431 1675 imprudentius,

507 1691 723 1733 Eventum
756 1691 925 1744 mirum,
958 1696 999 1733 et
1031 1691 1141 1746 quod
1173 1691 1243 1732 vix
1276 1691 1448 1732 credent
1478 1691 1656 1745 posteri,

474 1772 477 1777 ’
510 1763 678 1805 Aetatis
711 1763 836 1804 huius
870 1762 1103 1805 memoriae
1135 1762 1447 1803 mandabimus.

580 1869 778 1911 Assiduis
810 1869 971 1910 domini
1005 1883 1149 1910 servus
1185 1872 1361 1910 vexatus
1395 1868 1523 1909 minis

509 1941 688 1996 Aufugit
720 1940 764 1981 in
796 1940 975 1982 deserta.
1024 1939 1138 1980 Dum
1170 1939 1329 1981 lustrat
1360 1939 1466 1992 loca,

507 2011 550 2052 si
583 2012 693 2053 forte
727 2011 863 2052 victus
897 2010 1057 2065 aliquid
1088 2010 1344 2065 praeberent
1376 2010 1471 2064 sibi,

510 2081 714 2123 Absentis
747 2082 799 2123 ad
830 2081 966 2123 leonis
999 2081 1194 2135 pervenit
1226 2095 1410 2136 specum.

506 2152 573 2194 Ibi
605 2153 705 2194 dum
737 2155 940 2202 moratur,
971 2152 1104 2207 ipsest
1136 2152 1354 2206 ingressus
1386 2152 1514 2205 ferus,

506 2221 756 2264 Horrendus
791 2223 883 2263 visu
916 2226 959 2263 et
991 2225 1136 2264 vastos
1168 2224 1336 2276 rugitus
1370 2222 1497 2264 ciens.

506 2292 777 2334 Contremuit
810 2309 974 2346 servus,
1007 2292 1148 2334 subito
1182 2295 1372 2334 monstro
1406 2293 1648 2346 exterritus,

506 2364 565 2405 Et
597 2365 761 2419 quaerit
795 2365 1002 2419 latebras3
1037 2378 1183 2405 verum
1218 2366 1260 2404 ut
1296 2363 1517 2417 conspexit
1549 2364 1630 2417 leo,

506 2434 684 2476 Accedit
716 2434 906 2489 supplex,
940 2434 1094 2476 leniter
1127 2435 1303 2476 catulam
1336 2437 1538 2487 atterens,

507 2505 749 2560 Pedemque
781 2504 985 2558 ostendit,
1018 2505 1220 2560 lugubres
1252 2505 1436 2560 gemitus¹
1469 2505 1596 2546 ciens.

504 2576 686 2631 Recepit
717 2576 883 2618 animos
916 2591 1080 2629 servus3
1113 2579 1155 2618 et
1187 2577 1273 2618 iam
1306 2577 1540 2618 maximam

506 2648 681 2702 Spinam
716 2647 850 2689 leonis
883 2647 1017 2689 cernit
1050 2647 1092 2688 in
1126 2647 1320 2702 vestigio.

507 2717 669 2760 Evellit.
702 2721 745 2760 et
775 2718 989 2771 fomentis,
1023 2733 1130 2773 quae
1163 2733 1286 2760 casus
1319 2718 1461 2771 dabat,

506 2787 684 2830 (juravit
716 2788 997 2831 vulneratum.
1049 2787 1282 2830 Recreatus
1315 2789 1429 2830 ferus

506 2860 611 2901 Uuin
646 2874 768 2900 servo
802 2859 946 2901 eadem
984 2859 1087 2899 vixit
1122 2874 1195 2913 per
1227 2859 1458 2900 trienninm

507 2930 716 2987 Spelunca
753 2934 791 2973 et
828 2930 988 2972 victum
1021 2930 1219 2986 praebuit
1251 2929 1367 2972 socio
1400 2944 1522 2984 novo,

1806 395 1847 425 10

1806 1560 1848 1589 10

1806 1949 1847 1979 15

1802 2658 1846 2689 25
