2028 3310
601 219 815 256 PHAEDRI
841 220 1062 256 FABVLAF:
1088 221 1267 256 NOVAE.

371 334 512 376 Cornu
545 332 770 386 confregit.
822 330 978 371 Asinus
1011 331 1212 371 immotus
1246 330 1367 384 gravi

372 404 593 446 Consortis
627 417 725 444 casu
759 405 949 455 praestat
983 401 1042 441 nil
1077 401 1312 442 levaminis.

372 473 602 516 Confectus
635 486 762 515 onere
793 472 926 512 nimio
958 471 1037 511 bos
1071 474 1117 511 ut
1150 471 1321 522 corruit,

371 545 505 587 Asino
537 544 747 586 bubulcus
781 557 949 583 carnem
982 541 1167 595 imponit
1199 542 1368 582 mortui.

369 616 548 656 Auritus
580 614 719 668 plagis
752 612 869 653 mille
902 612 1064 652 fractus
1097 611 1251 664 deficit,

369 684 427 726 Et
459 683 692 738 exspiravit
726 682 865 723 media
897 681 1111 735 colla-psus
1145 681 1225 722 via.

368 754 402 795 T
407 769 476 796 um
509 754 701 795 volucres
735 752 1008 793 advenientes
1042 751 1093 792 ad
1125 751 1326 806 praedam
1360 767 1532 793 novam:

371 825 415 867 Si
449 828 492 866 te
524 824 714 879 precanti
748 824 895 865 mitem
929 822 1195 863 exhibuisses
1229 823 1339 874 bovi,

368 895 465 936 Non
499 896 728 936 immaturo
762 909 839 935 nos
872 893 1047 934 interitu
1081 907 1289 946 pasceres.

874 1072 986 1113 XIX.

657 1143 845 1176 CVLEX
871 1143 941 1175 ΕΤ
968 1142 1202 1175 TAVRVS.

579 1213 708 1255 (Anon.
737 1213 810 1247 Nil.
838 1217 893 1248 36.
937 1212 1004 1263 'Diu
1033 1224 1115 1257 app.
1143 1212 1194 1256 ll,
1217 1214 1285 1255 15.)

438 1283 571 1326 Culex
603 1299 698 1326 cum
730 1288 901 1326 taurum
933 1292 1209 1339 provocasset
1242 1285 1418 1338 viribus,

364 1355 531 1397 Venere
563 1356 711 1410 populi
744 1357 896 1409 cuncti,
931 1359 975 1397 ut
1006 1370 1197 1410 pugnam
1229 1359 1464 1397 cernerent.

366 1425 484 1467 Tunc
517 1426 610 1467 ille:
642 1427 748 1467 satis
782 1430 865 1468 est.
899 1427 1008 1480 quod
1043 1426 1197 1467 venisti
1231 1426 1486 1466 comminus:

364 1496 447 1536 Par
480 1496 559 1537 tibi
594 1512 687 1537 sum
720 1497 858 1538 faetus
890 1511 1043 1550 nempe
1074 1496 1231 1537 iudicio
1264 1500 1352 1537 tuo.

364 1565 475 1607 Hinc
509 1581 553 1608 se
586 1582 661 1621 per
693 1582 817 1608 auras
852 1567 1027 1608 sustulit
1059 1567 1189 1620 pinna
1220 1567 1316 1607 levi.

364 1636 570 1691 Lusitque
602 1638 777 1679 turbam
811 1641 853 1679 et
884 1638 997 1679 tauri
1029 1637 1227 1679 destituit
1259 1637 1410 1678 minas.

367 1706 448 1756 Qui
482 1708 517 1748 si
549 1708 702 1749 fuisset
733 1709 898 1750 validae
931 1708 1108 1750 cervicis
1141 1722 1314 1761 memor,

364 1778 611 1820 Pudendum
643 1780 971 1834 contempsisset
1005 1779 1307 1832 adversarium,

363 1848 451 1889 Nec
488 1849 623 1891 stulta
656 1864 701 1890 se
735 1850 936 1891 iactasset
969 1849 1185 1903 gloriatio.

433 1954 523 1995 Sibi
552 1955 643 2008 ipse
670 1956 897 2008 obtrectat,
924 1955 994 2009 qui
1024 1970 1067 1995 se
1094 1955 1281 2009 indignis
1309 1960 1543 2010 comparat.

879 2119 969 2162 XX.

661 2190 846 2230 Evis
871 2192 941 2224 m·
969 2191 1180 2225 ASINVS.

566 2260 696 2304 (Anon.
725 2260 800 2296 Nil.
829 2264 883 2295 58.
936 2261 995 2296 Dr.
1024 2272 1107 2305 app.
1136 2261 1185 2304 ΙΙ,
1206 2263 1276 2303 25.)

431 2331 598 2386 Equum
632 2334 817 2388 rogabat
849 2334 994 2375 asinus
1028 2334 1285 2388 pai-ticulum
1318 2333 1480 2375 hordei.

358 2401 617 2457 Respondit:
650 2404 686 2445 si
718 2405 883 2458 liceret,
915 2405 1155 2446 liberaliter

360 2472 442 2514 Pro
476 2471 689 2525 dignitate
720 2477 869 2515 nostra
901 2474 1104 2516 donarem
1137 2475 1228 2515 tibi.

359 2541 440 2584 Sed
474 2541 603 2583 solita
635 2556 731 2583 cum
763 2544 1005 2586 venerimus
1038 2545 1089 2586 ad
1123 2545 1357 2599 praesepia,

358 2611 481 2654 Dabo
514 2612 729 2666 repletum
760 2613 872 2655 farre
904 2615 1050 2656 follem
1083 2615 1261 2656 muneri.

359 2682 436 2724 Cui
463 2686 611 2723 contra
639 2683 816 2724 asellus:
844 2684 915 2738 qui
940 2699 1029 2725 rem
1056 2689 1145 2738 tam
1171 2699 1348 2739 parvam
1374 2698 1519 2737 negas,

358 2753 468 2803 Quid
501 2754 546 2795 in
577 2753 737 2795 maiore
769 2757 811 2796 te
845 2754 1057 2797 facturum
1091 2755 1362 2797 existimem?

428 2859 511 2909 Qui
536 2873 717 2914 magnas
744 2875 811 2901 res
838 2861 1109 2915 promittunt,
1134 2876 1289 2915 parvas
1315 2861 1540 2916 denegant,

357 2929 450 2972 Hac
482 2945 573 2972 sese
606 2935 840 2985 agnoscent
871 2931 1066 2972 denotari
1099 2931 1255 2972 fabula.

1654 223 1710 263 95

1667 834 1708 862 1⁴»

1661 1968 1702 1997 10

1679 2627 1698 2655 C‘!
