2028 3310
561 217 945 253 COMMENTARIVS
971 217 1022 253 IN
1047 217 1328 252 PHAEDRVM.
1635 218 1716 257 109

283 325 452 366 4l1ane
497 325 687 366 fabulam
732 325 834 366 olim
880 325 991 366 inter
1031 324 1092 366 IV
1135 326 1187 366 14
1220 328 1263 366 et
1298 324 1350 365 15
1394 324 1579 378 positam
1624 339 1715 365 esse

167 395 460 437 existimarim.
523 395 654 436 etiam
686 395 725 447 2,
757 396 795 447 5,
829 396 854 435 6
887 409 936 435 ex
968 395 995 435 l.
1022 393 1083 436 IV
1116 395 1276 448 petitas
1308 394 1531 448 probabile
1564 398 1641 435 est.

283 466 322 515 4,
348 467 375 506 4
408 467 547 520 maym'
578 466 709 510 Iovis,-
742 465 816 518 IV,
847 465 910 518 19,
941 466 991 506 13
1024 479 1197 519 maqnus
1229 466 1427 519 Iuppiter.

283 537 322 589 4,
348 536 405 577 22
436 537 636 584 ads-entim
670 535 732 576 ita
765 535 803 587 8,
830 535 884 575 26
916 536 1095 577 adsensit
1123 536 1320 589 BIaynus.

283 608 322 661 4,
347 607 403 648 23
435 621 520 647 non
552 620 679 647 ausus
713 620 805 646 sum
839 606 1026 659 recipere
1058 605 1164 646 illud
1197 607 1333 660 mitio,
1366 605 1476 660 quod
1507 620 1718 646 commen-

165 676 262 718 davi
294 677 321 717 l.
353 677 403 718 de
424 676 499 717 Ph.
527 679 569 718 et
589 676 667 717 ΑΥ.
686 675 772 717 fab.
803 689 873 730 pg.
894 676 962 729 29,
993 680 1170 730 propter
1202 676 1480 729 asperitatem
1513 676 1717 717 elisionis.

282 746 321 799 5,
352 747 403 787 12
435 747 580 795 imm&
622 746 703 787 hoc
737 745 986 787 adverbium
1019 746 1148 787 etiam
1180 745 1395 787 invenitur
1427 746 1464 799 9,
1492 746 1537 797 93
1582 746 1645 795 15,
1673 747 1716 800 83

163 817 208 859 in
239 817 417 872 reliquis
451 816 611 858 fabulis
643 831 728 858 non
760 816 929 870 legitur.

282 888 320 941 6,
351 889 369 928 1
404 901 506 940 quae
536 887 777 928 relativum.

282 958 320 1011 6,
346 959 372 1000 3
404 961 588 1000 sacratae
618 957 762 1012 potius
795 957 1085 999 nominativus
1119 973 1247 1012 quam
1281 957 1515 1012 genetivus.

282 1030 319 1079 6,
345 1030 373 1069 4
405 1029 535 1082 muqe't
564 1028 696 1081 adytis
727 1027 907 1080 Releyi0;
958 1028 1020 1068 ita
1061 1043 1189 1082 supra
1231 1028 1258 1069 l.
1290 1027 1351 1069 lV
1394 1032 1549 1081 repente
1588 1042 1717 1070 vocem

162 1102 304 1140 saneta
335 1099 448 1140 misit
477 1098 657 1151 Reliyioe
698 1097 829 1151 Verg.
861 1112 952 1138 aen.
973 1097 1052 1139 VI:
1083 1101 1279 1151 antroque
1309 1100 1481 1152 remuqesst
1512 1098 1718 1154 (Sibylla).

281 1169 319 1222 6,
345 1169 371 1209 6
404 1168 591 1222 Python,-
637 1168 813 1209 eandem
851 1168 1036 1209 nominis
1075 1169 1258 1209 formam
1292 1168 1465 1210 Tibullo
1498 1169 1558 1223 ll,
1591 1170 1629 1223 3,
1661 1170 1714 1210 2ῖ

163 1240 442 1281 restituimus.

284 1311 321 1364 7,
346 1311 374 1351 4
406 1311 607 1363 numquid
636 1324 712 1363 pro
744 1323 861 1365 num,
893 1313 941 1351 ut
973 1310 1041 1364 26,
1069 1311 1112 1365 73
1145 1311 1208 1352 ita
1239 1312 1377 1364 ecquid
1407 1310 1462 1351 ib.
1493 1311 1558 1350 11.

281 1382 319 1435 8,
350 1382 400 1422 17
433 1381 556 1433 quim
588 1381 688 1433 qum
720 1381 841 1421 etiam¹
873 1379 926 1432 V,
951 1382 984 1434 1,
1007 1381 1048 1435 73
1080 1382 1177 1433 quin
1211 1394 1371 1434 sequere
1401 1380 1481 1430 VI,
1503 1380 1570 1434 30,
1597 1381 1658 1421 12.

281 1452 319 1505 8,
346 1452 397 1492 21
433 1451 710 1499 3ΐουιαε]ιαη3;
743 1451 847 1492 Ηοι·.
868 1466 900 1492 0.
922 1451 953 1504 Ι,
968 1451 994 1492 6
1014 1465 1084 1492 nec
1098 1465 1263 1503 (travena
1274 1451 1438 1493 Pelidae
1456 1451 1716 1493 stomachum.

163 1547 216 1551 —
253 1523 444 1575 imperc1t;
495 1523 698 1574 ‘imperare
740 1535 835 1562 oum
881 1536 1015 1563 accus.
1060 1525 1102 1563 et
1146 1521 1360 1563 infinitivo
1404 1525 1453 1563 ut
1491 1537 1557 1575 ap.
1589 1521 1716 1576 Verg.

163 1608 253 1635 aen.
285 1592 388 1646 VII,
424 1592 519 1643 168,
545 1592 583 1633 9.

280 1664 319 1717 8,
345 1663 400 1704 23
431 1664 579 1713 satius,
618 1662 756 1716 suppl.
788 1676 877 1705 esse.
910 1687 965 1691 —
997 1663 1196 1713 arbitron
1246 1677 1338 1704 eum
1375 1663 1451 1705 Ph.
1483 1679 1717 1718 numquam

163 1734 270 1775 alias
308 1748 409 1775 usus
447 1733 504 1774 sit
540 1733 622 1774 hoe
654 1748 708 1786 v.,
751 1732 864 1774 haud
903 1733 1009 1774 levis
1049 1733 1184 1775 oritur
1223 1733 1425 1787 suspiciO,
1470 1734 1635 1775 Perotti
1675 1734 1716 1775 id

162 1808 367 1846 nov-atim]
399 1804 643 1845 temeritate
683 1807 726 1844 et
757 1804 1047 1857 reponendum
1086 1804 1190 1845 illud
1228 1805 1413 1857 aestima,
1453 1804 1563 1858 quod
1605 1804 1716 1845 idem

163 1890 248 1917 non
280 1874 382 1917 tulit
413 1873 496 1928 III,
522 1874 561 1918 4.
588 1875 626 1916 5.

280 1946 319 1999 9,
346 1945 372 1986 3
405 1945 455 1986 ef.
487 1944 536 1985 de
569 1945 595 1985 l.
632 1944 705 1985 Ph.
737 1948 780 1986 et
812 1945 890 1986 Av.
923 1945 1006 1986 fab.
1039 1958 1108 1999 pg.
1129 1946 1196 1986 30.

280 2018 319 2070 9,
344 2016 371 2057 5
402 2016 466 2056 die
496 2016 619 2057 sodes.
682 2030 757 2069 pro
795 2017 907 2057 sodes
946 2015 1164 2057 Phaedrus
1208 2016 1313 2057 alibi
1358 2030 1525 2070 semper
1562 2030 1716 2068 quaeso,

162 2092 210 2129 ut
242 2087 323 2141 ΙΙΙ,
353 2088 390 2136 7,
420 2087 469 2127 1ῖ
503 2087 587 2139 dic,
618 2099 781 2138 quaeso,
813 2089 964 2140 tamen,
1002 2087 1075 2127 ubi
1109 2087 1238 2128 etiam
1272 2087 1315 2127 in
1349 2086 1572 2127 Perottino
1606 2086 1715 2127 libro

162 2161 228 2199 est
259 2158 324 2199 die
352 2157 474 2198 sodes.
538 2156 649 2210 quod
681 2171 775 2198 eum
809 2156 870 2197 ita
902 2156 977 2210 sit,
1019 2159 1092 2197 aut
1125 2157 1254 2197 etiam
1292 2156 1372 2197 hoe
1405 2156 1497 2198 1000
1531 2157 1715 2198 seriben-

161 2228 260 2269 dum
291 2228 372 2281 dic,
403 2240 566 2280 quaeSO,
605 2230 678 2268 aut
710 2227 772 2268 ita
805 2227 1087 2268 excusandum
1119 2229 1247 2282 sodes,
1291 2227 1402 2282 quod
1442 2228 1484 2269 in
1524 2229 1715 2270 oratione

161 2298 263 2339 deae
297 2297 349 2338 ad
381 2297 564 2338 bestiam
598 2301 663 2339 est
695 2297 949 2339 adhibitum.

280 2369 318 2422 9,
348 2369 400 2410 12
433 2368 521 2409 licet
550 2367 736 2409 hom-emm
762 2372 964 2423 patescat‚·
997 2369 1042 2409 in
1072 2369 1213 2423 priore
1246 2369 1431 2410 editione
1461 2369 1714 2423 scripseram

161 2440 220 2481 mi
243 2442 402 2493 pateat,
435 2438 506 2480 sed
528 2453 623 2480 cum
649 2439 754 2481 alibi
782 2439 881 2494 (III,
905 2441 970 2493 18,
991 2438 1038 2496 9)
1070 2441 1262 2481 breviore
1293 2440 1431 2481 forma
1463 2444 1562 2481 ante
1586 2455 1715 2481 ·voca-

162 2511 245 2552 lem
278 2525 378 2551 usus
411 2509 468 2551 sit
500 2509 731 2560 Phaedrus,
772 2514 820 2552 ut
851 2510 983 2552 etiam
1015 2510 1194 2552 Plautus
1227 2514 1345 2552 amat
1377 2510 1515 2552 faeere
1547 2511 1715 2562 (contra

160 2581 264 2622 mihi
302 2581 355 2622 ab
393 2580 542 2622 eodem
581 2584 623 2621 et
662 2584 760 2621 ante
798 2582 990 2623 vocalem
1028 2581 1198 2635 ponitur
1238 2584 1279 2623 et
1317 2584 1415 2622 ante
1454 2581 1716 2635 consonam),

163 2652 298 2693 tutius
331 2655 397 2693 est
430 2652 566 2692 visum
601 2651 786 2692 scribere
818 2652 872 2702 id,
905 2652 1015 2706 quod
1048 2667 1178 2706 supra
1209 2656 1275 2693 est
1307 2652 1561 2705 adpositum.

285 2724 346 2773 11,
374 2723 400 2764 2
433 2722 578 2775 Phryx
608 2721 754 2774 sophus
791 2737 867 2775 pro
899 2724 1104 2775 Aesopus.-
1149 2722 1211 2763 ita
1250 2737 1378 2775 snpra
1408 2721 1489 2772 ΙΙΙ,
1521 2724 1585 2776 14,
1612 2724 1637 2762 9
1675 2723 1713 2763 in

163 2792 224 2834 ml.
257 2793 349 2835 Per.
381 2809 457 2847 pro
490 2795 615 2834 victor
644 2793 792 2871 sophus
824 2793 982 2847 legitur
1013 2808 1103 2834 vero
1134 2794 1329 2844 Aesopus.

286 2865 337 2905 12
370 2864 514 2905 insen:
545 2865 688 2905 asinus
718 2865 774 2904 ad
803 2864 955 2915 {uranu
988 2867 1136 2904 notum
1170 2863 1274 2903 illud
1307 2860 1411 2912 ὄνος
1437 2859 1544 2915 πρὸς
1572 2860 1713 2916 λύραν

164 2935 253 2975 sive
285 2931 389 2984 ὄνος
420 2932 566 2989 λύρας.
