2028 3310
602 222 817 258 PHAEDRI
842 223 1065 258 FABVLAE
1091 223 1268 259 NOVAE.
1652 224 1708 266 93

371 330 431 372 Vt
462 331 634 372 arbores
667 332 890 373 robustum
924 332 1005 372 sibi
1039 331 1313 373 manubrium

371 401 649 455 Praeberent3
681 405 724 443 et
755 402 970 443 iusserunt
1002 403 1234 443 oleastrum
1268 401 1379 442 dare.

371 471 548 525 Accepit
580 471 746 525 lignum
778 476 833 518 et,
865 485 960 512 cuin
994 472 1129 512 securi
1163 476 1309 524 aptum
1342 472 1467 524 foret,
1687 485 1706 514 ὁ

370 539 527 582 Statim
559 541 711 582 cecidit
743 541 816 582 ille
849 541 982 582 silvae
1015 542 1181 583 robora.

369 610 488 652 Tunc
519 612 581 652 sic
612 611 768 652 dixisse
801 611 935 652 fertur
968 625 1174 665 quaerens
1205 612 1392 652 fraxino

369 681 466 722 lure
498 682 612 722 istud
645 683 844 735 patimur,
876 682 1068 724 dedimus
1102 697 1208 737 quae
1242 683 1523 723 manubrium.

873 799 987 841 XIV.

625 871 870 904 MEMBRA
895 871 966 903 Etr
991 871 1234 903 VENTER.

591 940 709 982 (Rom.
740 940 806 982 111,
830 944 881 975 16.
933 939 993 974 Dr.
1021 951 1104 984 app.
1133 925 1201 981 ΠΙ,
1222 944 1268 982 4.)

440 1011 486 1051 ln
518 1012 695 1053 civitate
727 1012 896 1066 quando
929 1015 1072 1066 partes
1105 1011 1326 1065 dissident,

366 1081 473 1142 Tota
509 1082 553 1122 in
584 1083 744 1136 periclo
778 1082 960 1123 vertitur
992 1082 1243 1135 respublica.

435 1174 587 1217 Ventri
619 1180 830 1231 negarant
863 1176 988 1217 solita
1023 1176 1160 1217 victus
1193 1190 1369 1217 munera

366 1246 515 1288 Partes
547 1247 733 1288 relicuae
767 1247 970 1300 corporis,
1004 1246 1113 1300 quod
1145 1245 1287 1287 deside

363 1314 592 1358 Frueretur
624 1332 731 1358 unus
764 1317 877 1357 inter
909 1331 1055 1357 omnes
1089 1316 1190 1369 otio,
1683 1330 1702 1358 5

364 1386 451 1427 Nec
486 1387 620 1428 ullum
655 1387 986 1441 suppeditabant
1013 1387 1210 1440 ¹poscenti
1244 1387 1396 1428 cibum.

368 1457 591 1510 Proposito
626 1472 720 1498 cum
752 1460 1006 1511 perstarent,
1038 1461 1135 1511 post
1169 1458 1334 1512 aliquot
1367 1458 1455 1498 (lies

363 1526 509 1567 Ieiuno
543 1530 690 1568 ventre
724 1527 916 1568 membra
948 1528 1091 1569 laxata
1125 1528 1278 1569 onmia.

363 1597 480 1646 Quae
508 1598 680 1639 tandem
708 1598 902 1652 ingerere
929 1599 1087 1639 victum
1115 1602 1162 1639 ut
1188 1613 1334 1639 rursus
1361 1598 1598 1653 voluerunt,

362 1667 460 1709 Non
486 1669 629 1722 potuit
657 1682 806 1722 capere
833 1668 1080 1710 stomachus
1109 1669 1340 1710 obstructis
1368 1669 1461 1710 viis.
1659 1680 1702 1709 10

880 1785 972 1827 XV.

272 1857 530 1891 HOMINES
556 1857 687 1900 DVO,
713 1857 959 1890 MENDAX
986 1857 1056 1889 ΕΤ
1082 1857 1299 1901 VERAX,
1326 1857 1395 1889 ΕΤ
1422 1857 1576 1889 SIMII.

327 1926 383 1968 (V.
410 1930 510 1960 1—3
539 1938 581 1959 ex
608 1926 672 1961 Ph.
700 1925 759 1961 IV,
782 1930 836 1960 13.
888 1925 990 1960 Rom.
1020 1926 1079 1969 IV,
1101 1930 1132 1960 8.
1184 1925 1243 1960 Dr.
1271 1938 1354 1970 app.
1385 1926 1431 1967 H,
1453 1928 1524 1967 21.)

431 1997 592 2039 Vtilius
624 1998 689 2039 nil
722 2012 814 2039 esse
845 1997 1011 2038 homini
1044 2010 1172 2051 quam
1205 2002 1320 2039 recte
1353 1998 1469 2053 loqui

360 2067 587 2110 Probanda-
620 2069 780 2110 cunctis
813 2071 878 2110 est
910 2068 1079 2122 quidem
1114 2070 1339 2110 sententia.

361 2137 442 2179 Sed
475 2139 526 2179 ad
559 2139 793 2193 perniciem
826 2139 937 2180 solet
970 2139 1040 2194 agi
1075 2139 1310 2180 sinceritas.

428 2232 516 2274 Iter
548 2233 752 2274 facientes
785 2233 962 2274 mendax
997 2236 1039 2274 et
1071 2247 1198 2274 verax
1233 2234 1359 2274 simul

360 2302 407 2342 In
441 2304 663 2344 simiorum
696 2304 807 2345 soi-te
840 2307 997 2345 terram
1032 2307 1249 2345 venerunt.
1678 2317 1696 2345 5

359 2373 473 2422 Quos
507 2375 776 2429 conspicatus
810 2390 937 2427 unus,
970 2375 1041 2429 qui
1075 2389 1118 2416 se
1151 2374 1317 2416 dixerat

358 2443 538 2498 Regem,
572 2445 771 2486 continuo
804 2446 929 2487 iussit
961 2445 1012 2486 ad
1046 2460 1090 2486 se
1122 2445 1325 2499 pertrahi.

357 2514 512 2555 Omnes
547 2514 675 2555 simul
708 2515 778 2569 qui
812 2515 1086 2556 sectabantur
1118 2515 1265 2557 simios

358 2584 541 2626 Adstare
573 2584 675 2625 fecit
707 2587 749 2625 et
781 2585 863 2626 sibi
895 2586 997 2640 poni
1029 2585 1243 2638 thronum,

356 2653 417 2696 Vt
449 2655 580 2696 moris
613 2669 705 2696 esse
738 2655 931 2697 audierat
962 2655 1186 2696 hominum
1218 2655 1403 2707 regibus
1654 2667 1695 2696 10

357 2725 455 2767 Mox
489 2725 586 2766 illos
620 2725 664 2765 in
695 2728 967 2779 conspectum
998 2725 1201 2767 deductos
1235 2740 1357 2765 suum

355 2795 560 2850 Rogavit:
594 2795 762 2849 qualem
795 2810 862 2836 me
893 2796 1076 2849 putatis,
1107 2795 1329 2849 hospites?

355 2865 596 2920 Respondit
626 2865 826 2907 mendax:
859 2881 930 2908 rex
965 2866 1120 2906 videris
1154 2866 1377 2906 maximus.

354 2937 413 2978 Et
445 2937 516 2991 qui
550 2940 649 2977 sunt
682 2937 766 2990 isti,
799 2940 962 2977 stantes
997 2951 1103 2990 quos
1136 2936 1255 2977 iuxta
1287 2935 1433 2977 vides?
