<?xml version="1.0" encoding="UTF-8"?>
<!DOCTYPE html PUBLIC "-//W3C//DTD XHTML 1.0 Transitional//EN"
    "http://www.w3.org/TR/xhtml1/DTD/xhtml1-transitional.dtd">
<html xmlns="http://www.w3.org/1999/xhtml" xml:lang="en" lang="en">
 <head>
  <title>
</title>
<meta http-equiv="Content-Type" content="text/html;charset=utf-8" />
  <meta name='ocr-system' content='tesseract 3.04.00' />
  <meta name='ocr-capabilities' content='ocr_page ocr_carea ocr_par ocr_line ocrx_word'/>
</head>
<body>
  <div class='ocr_page' id='page_1' title='image "./fabularumaesopia00phaeuoft_0131.png"; bbox 0 0 2028 3310; ppageno 0'>
   <div class='ocr_carea' id='block_1_1' title="bbox 823 211 1725 252">
    <p class='ocr_par' dir='ltr' id='par_1_1' title="bbox 823 211 1725 252">
     <span class='ocr_line' id='line_1_1' title="bbox 823 211 1725 252; baseline 0.008 -7"><span class='ocrx_word' id='word_1_1' title='bbox 823 211 1078 246; x_wconf 87' lang='lat' dir='ltr'>APPENDIX.</span> <span class='ocrx_word' id='word_1_2' title='bbox 1670 211 1725 252; x_wconf 75' lang='lat'>85</span> 
     </span>
    </p>
   </div>
   <div class='ocr_carea' id='block_1_2' title="bbox 389 318 1725 586">
    <p class='ocr_par' dir='ltr' id='par_1_2' title="bbox 391 318 1180 372">
     <span class='ocr_line' id='line_1_2' title="bbox 391 318 1180 372; baseline 0 -12"><span class='ocrx_word' id='word_1_3' title='bbox 391 318 455 360; x_wconf 90' lang='lat' dir='ltr'>Tu</span> <span class='ocrx_word' id='word_1_4' title='bbox 489 319 561 372; x_wconf 91' lang='lat' dir='ltr'>qui</span> <span class='ocrx_word' id='word_1_5' title='bbox 594 318 714 360; x_wconf 84' lang='lat' dir='ltr'>fuisti</span> <span class='ocrx_word' id='word_1_6' title='bbox 747 320 885 359; x_wconf 87' lang='lat' dir='ltr'>mulus</span> <span class='ocrx_word' id='word_1_7' title='bbox 918 319 1180 369; x_wconf 82' lang='lat' dir='ltr'>clitellarius,</span> 
     </span>
    </p>

    <p class='ocr_par' dir='ltr' id='par_1_3' title="bbox 391 389 1438 443">
     <span class='ocr_line' id='line_1_3' title="bbox 391 389 1438 443; baseline 0.001 -14"><span class='ocrx_word' id='word_1_8' title='bbox 391 389 706 443; x_wconf 77' lang='lat' dir='ltr'>Quemcumque</span> <span class='ocrx_word' id='word_1_9' title='bbox 740 389 920 430; x_wconf 85' lang='lat' dir='ltr'>visumst</span> <span class='ocrx_word' id='word_1_10' title='bbox 951 390 1084 430; x_wconf 86' lang='lat' dir='ltr'>laedis</span> <span class='ocrx_word' id='word_1_11' title='bbox 1116 390 1246 431; x_wconf 88' lang='lat' dir='ltr'>infixo</span> <span class='ocrx_word' id='word_1_12' title='bbox 1279 390 1438 432; x_wconf 87' lang='lat' dir='ltr'>aculeo.</span> 
     </span>
    </p>

    <p class='ocr_par' dir='ltr' id='par_1_4' title="bbox 392 459 1426 515">
     <span class='ocr_line' id='line_1_4' title="bbox 392 459 1426 515; baseline 0 -15"><span class='ocrx_word' id='word_1_13' title='bbox 392 459 450 500; x_wconf 90' lang='lat' dir='ltr'>At</span> <span class='ocrx_word' id='word_1_14' title='bbox 481 475 612 515; x_wconf 82' lang='lat' dir='ltr'>vespa</span> <span class='ocrx_word' id='word_1_15' title='bbox 642 460 819 514; x_wconf 88' lang='lat' dir='ltr'>dignam</span> <span class='ocrx_word' id='word_1_16' title='bbox 850 460 1042 501; x_wconf 85' lang='lat' dir='ltr'>moribus</span> <span class='ocrx_word' id='word_1_17' title='bbox 1075 475 1221 502; x_wconf 86' lang='lat' dir='ltr'>vocem</span> <span class='ocrx_word' id='word_1_18' title='bbox 1254 460 1426 502; x_wconf 80' lang='lat' dir='ltr'>extulit:</span> 
     </span>
    </p>

    <p class='ocr_par' dir='ltr' id='par_1_5' title="bbox 389 529 1725 586">
     <span class='ocr_line' id='line_1_5' title="bbox 389 529 1725 586; baseline 0.001 -14"><span class='ocrx_word' id='word_1_19' title='bbox 389 529 487 572; x_wconf 91' lang='lat' dir='ltr'>Nou</span> <span class='ocrx_word' id='word_1_20' title='bbox 520 531 592 586; x_wconf 87' lang='lat' dir='ltr'>qui</span> <span class='ocrx_word' id='word_1_21' title='bbox 624 530 846 584; x_wconf 83' lang='lat' dir='ltr'>fuerimus,</span> <span class='ocrx_word' id='word_1_22' title='bbox 879 530 951 571; x_wconf 89' lang='lat' dir='ltr'>sed</span> <span class='ocrx_word' id='word_1_23' title='bbox 984 530 1057 585; x_wconf 90' lang='lat' dir='ltr'>qui</span> <span class='ocrx_word' id='word_1_24' title='bbox 1089 545 1199 572; x_wconf 87' lang='lat' dir='ltr'>nunc</span> <span class='ocrx_word' id='word_1_25' title='bbox 1232 532 1376 586; x_wconf 89' lang='lat' dir='ltr'>simus,</span> <span class='ocrx_word' id='word_1_26' title='bbox 1407 532 1513 573; x_wconf 83' lang='lat' dir='ltr'>vide.</span> <span class='ocrx_word' id='word_1_27' title='bbox 1684 543 1725 573; x_wconf 89' lang='lat'>10</span> 
     </span>
    </p>
   </div>
   <div class='ocr_carea' id='block_1_3' title="bbox 566 670 1331 787">
    <p class='ocr_par' dir='ltr' id='par_1_6' title="bbox 566 670 1331 787">
     <span class='ocr_line' id='line_1_6' title="bbox 889 670 1021 712; baseline 0.008 -1"><span class='ocrx_word' id='word_1_28' title='bbox 889 670 1021 712; x_wconf 83' lang='lat' dir='ltr'>XXX.</span> 
     </span>
     <span class='ocr_line' id='line_1_7' title="bbox 566 741 1331 787; baseline -0.001 -11"><span class='ocrx_word' id='word_1_29' title='bbox 566 742 966 786; x_wconf 75' lang='lat' dir='ltr'>[TERRANEOLA</span> <span class='ocrx_word' id='word_1_30' title='bbox 991 742 1061 775; x_wconf 77' lang='grc' dir='ltr'>ΕΤ</span> <span class='ocrx_word' id='word_1_31' title='bbox 1087 741 1331 787; x_wconf 60' lang='lat' dir='ltr'>VVLPESJ</span> 
     </span>
    </p>
   </div>
   <div class='ocr_carea' id='block_1_4' title="bbox 554 810 1340 857">
    <p class='ocr_par' dir='ltr' id='par_1_7' title="bbox 554 810 1340 857">
     <span class='ocr_line' id='line_1_8' title="bbox 554 810 1340 857; baseline 0 -12"><span class='ocrx_word' id='word_1_32' title='bbox 554 811 699 855; x_wconf 70' lang='lat' dir='ltr'>[Pravis</span> <span class='ocrx_word' id='word_1_33' title='bbox 725 822 797 846; x_wconf 89' lang='lat' dir='ltr'>non</span> <span class='ocrx_word' id='word_1_34' title='bbox 824 821 902 845; x_wconf 79' lang='lat' dir='ltr'>esse</span> <span class='ocrx_word' id='word_1_35' title='bbox 929 810 1038 844; x_wconf 88' lang='lat' dir='ltr'>fidem</span> <span class='ocrx_word' id='word_1_36' title='bbox 1064 810 1340 857; x_wconf 75' lang='lat' dir='ltr'>adhibendam]</span> 
     </span>
    </p>
   </div>
   <div class='ocr_carea' id='block_1_5' title="bbox 312 881 1726 1715">
    <p class='ocr_par' dir='ltr' id='par_1_8' title="bbox 312 881 1726 1715">
     <span class='ocr_line' id='line_1_9' title="bbox 436 881 1430 937; baseline 0 -13"><span class='ocrx_word' id='word_1_37' title='bbox 436 883 582 937; x_wconf 74' lang='lat' dir='ltr'>vAvis,</span> <span class='ocrx_word' id='word_1_38' title='bbox 615 897 743 937; x_wconf 90' lang='lat' dir='ltr'>quam</span> <span class='ocrx_word' id='word_1_39' title='bbox 774 881 921 924; x_wconf 87' lang='lat' dir='ltr'>dicunt</span> <span class='ocrx_word' id='word_1_40' title='bbox 951 883 1236 924; x_wconf 72' lang='lat' dir='ltr'>terraneolam</span> <span class='ocrx_word' id='word_1_41' title='bbox 1268 883 1430 937; x_wconf 75' lang='lat' dir='ltr'>rustici,</span> 
     </span>
     <span class='ocr_line' id='line_1_10' title="bbox 387 953 1334 1007; baseline -0.001 -12"><span class='ocrx_word' id='word_1_42' title='bbox 387 954 436 995; x_wconf 91' lang='lat' dir='ltr'>In</span> <span class='ocrx_word' id='word_1_43' title='bbox 469 957 583 995; x_wconf 88' lang='lat' dir='ltr'>terra</span> <span class='ocrx_word' id='word_1_44' title='bbox 614 953 759 994; x_wconf 89' lang='lat' dir='ltr'>nidum</span> <span class='ocrx_word' id='word_1_45' title='bbox 794 953 895 1007; x_wconf 90' lang='lat' dir='ltr'>quia</span> <span class='ocrx_word' id='word_1_46' title='bbox 925 953 1128 1007; x_wconf 80' lang='lat' dir='ltr'>conponit</span> <span class='ocrx_word' id='word_1_47' title='bbox 1160 953 1334 1007; x_wconf 84' lang='lat' dir='ltr'>scilicet,</span> 
     </span>
     <span class='ocr_line' id='line_1_11' title="bbox 387 1023 1325 1078; baseline -0.002 -12"><span class='ocrx_word' id='word_1_48' title='bbox 387 1025 516 1067; x_wconf 89' lang='lat' dir='ltr'>Forte</span> <span class='ocrx_word' id='word_1_49' title='bbox 548 1023 787 1066; x_wconf 84' lang='lat' dir='ltr'>occucurrit</span> <span class='ocrx_word' id='word_1_50' title='bbox 819 1023 1025 1078; x_wconf 85' lang='lat' dir='ltr'>inprobae</span> <span class='ocrx_word' id='word_1_51' title='bbox 1059 1023 1325 1078; x_wconf 82' lang='lat' dir='ltr'>vulpeculae3</span> 
     </span>
     <span class='ocr_line' id='line_1_12' title="bbox 385 1094 1259 1149; baseline -0.002 -12"><span class='ocrx_word' id='word_1_52' title='bbox 385 1094 479 1145; x_wconf 88' lang='lat' dir='ltr'>Qua</span> <span class='ocrx_word' id='word_1_53' title='bbox 511 1095 603 1136; x_wconf 81' lang='lat' dir='ltr'>visa</span> <span class='ocrx_word' id='word_1_54' title='bbox 634 1095 777 1149; x_wconf 84' lang='lat' dir='ltr'>pinnis</span> <span class='ocrx_word' id='word_1_55' title='bbox 811 1094 941 1136; x_wconf 88' lang='lat' dir='ltr'>altius</span> <span class='ocrx_word' id='word_1_56' title='bbox 973 1108 1019 1135; x_wconf 86' lang='lat' dir='ltr'>se</span> <span class='ocrx_word' id='word_1_57' title='bbox 1051 1094 1259 1145; x_wconf 61' lang='lat' dir='ltr'>sustulit„</span> 
     </span>
     <span class='ocr_line' id='line_1_13' title="bbox 386 1164 1726 1219; baseline 0 -12"><span class='ocrx_word' id='word_1_58' title='bbox 386 1166 530 1215; x_wconf 66' lang='lat' dir='ltr'>Salve,</span> <span class='ocrx_word' id='word_1_59' title='bbox 562 1165 701 1219; x_wconf 90' lang='lat' dir='ltr'>inquit</span> <span class='ocrx_word' id='word_1_60' title='bbox 734 1164 828 1219; x_wconf 81' lang='lat' dir='ltr'>illa‘,</span> <span class='ocrx_word' id='word_1_61' title='bbox 861 1179 934 1206; x_wconf 89' lang='lat' dir='ltr'>cur</span> <span class='ocrx_word' id='word_1_62' title='bbox 966 1179 1033 1206; x_wconf 89' lang='lat' dir='ltr'>me</span> <span class='ocrx_word' id='word_1_63' title='bbox 1065 1164 1237 1219; x_wconf 79' lang='lat' dir='ltr'>fugisti,</span> <span class='ocrx_word' id='word_1_64' title='bbox 1270 1166 1478 1208; x_wconf 74' lang='lat' dir='ltr'>obsecro?</span> <span class='ocrx_word' id='word_1_65' title='bbox 1706 1177 1726 1207; x_wconf 89' lang='lat'>5</span> 
     </span>
     <span class='ocr_line' id='line_1_14' title="bbox 386 1235 1458 1290; baseline 0.001 -13"><span class='ocrx_word' id='word_1_66' title='bbox 386 1236 516 1285; x_wconf 83' lang='lat' dir='ltr'>Quasi</span> <span class='ocrx_word' id='word_1_67' title='bbox 548 1251 635 1278; x_wconf 90' lang='lat' dir='ltr'>non</span> <span class='ocrx_word' id='word_1_68' title='bbox 666 1236 834 1278; x_wconf 87' lang='lat' dir='ltr'>abunde</span> <span class='ocrx_word' id='word_1_69' title='bbox 866 1236 923 1277; x_wconf 91' lang='lat' dir='ltr'>sit</span> <span class='ocrx_word' id='word_1_70' title='bbox 955 1235 1062 1277; x_wconf 89' lang='lat' dir='ltr'>mihi</span> <span class='ocrx_word' id='word_1_71' title='bbox 1093 1235 1138 1277; x_wconf 86' lang='lat' dir='ltr'>in</span> <span class='ocrx_word' id='word_1_72' title='bbox 1168 1239 1294 1290; x_wconf 86' lang='lat' dir='ltr'>prato</span> <span class='ocrx_word' id='word_1_73' title='bbox 1327 1237 1458 1290; x_wconf 87' lang='lat' dir='ltr'>cibus,</span> 
     </span>
     <span class='ocr_line' id='line_1_15' title="bbox 388 1307 1272 1361; baseline -0.001 -12"><span class='ocrx_word' id='word_1_74' title='bbox 388 1308 534 1361; x_wconf 74' lang='lat' dir='ltr'>Grilli,</span> <span class='ocrx_word' id='word_1_75' title='bbox 568 1307 806 1360; x_wconf 80' lang='lat' dir='ltr'>scarabaei,</span> <span class='ocrx_word' id='word_1_76' title='bbox 839 1307 1099 1348; x_wconf 79' lang='lat' dir='ltr'>locustarum</span> <span class='ocrx_word' id='word_1_77' title='bbox 1132 1307 1272 1361; x_wconf 92' lang='lat' dir='ltr'>copia:</span> 
     </span>
     <span class='ocr_line' id='line_1_16' title="bbox 385 1377 1492 1434; baseline 0 -14"><span class='ocrx_word' id='word_1_78' title='bbox 385 1378 458 1420; x_wconf 76' lang='lat' dir='ltr'>Nil</span> <span class='ocrx_word' id='word_1_79' title='bbox 491 1382 568 1431; x_wconf 81' lang='lat' dir='ltr'>est,</span> <span class='ocrx_word' id='word_1_80' title='bbox 601 1378 712 1433; x_wconf 89' lang='lat' dir='ltr'>quod</span> <span class='ocrx_word' id='word_1_81' title='bbox 745 1380 926 1431; x_wconf 87' lang='lat' dir='ltr'>metuas,</span> <span class='ocrx_word' id='word_1_82' title='bbox 958 1391 1036 1432; x_wconf 91' lang='lat' dir='ltr'>ego</span> <span class='ocrx_word' id='word_1_83' title='bbox 1068 1380 1111 1419; x_wconf 90' lang='lat' dir='ltr'>te</span> <span class='ocrx_word' id='word_1_84' title='bbox 1144 1377 1328 1419; x_wconf 87' lang='lat' dir='ltr'>multum</span> <span class='ocrx_word' id='word_1_85' title='bbox 1360 1378 1492 1434; x_wconf 87' lang='lat' dir='ltr'>diligo</span> 
     </span>
     <span class='ocr_line' id='line_1_17' title="bbox 312 1448 1402 1503; baseline -0.001 -13"><span class='ocrx_word' id='word_1_86' title='bbox 312 1479 316 1482; x_wconf 92' lang='lat'><em>-</em></span> <span class='ocrx_word' id='word_1_87' title='bbox 384 1448 566 1503; x_wconf 79' lang='lat' dir='ltr'>Propter</span> <span class='ocrx_word' id='word_1_88' title='bbox 599 1449 766 1503; x_wconf 88' lang='lat' dir='ltr'>quietos</span> <span class='ocrx_word' id='word_1_89' title='bbox 800 1462 938 1489; x_wconf 89' lang='lat' dir='ltr'>mores</span> <span class='ocrx_word' id='word_1_90' title='bbox 972 1450 1014 1489; x_wconf 88' lang='lat' dir='ltr'>et</span> <span class='ocrx_word' id='word_1_91' title='bbox 1046 1448 1179 1489; x_wconf 85' lang='lat' dir='ltr'>vitam</span> <span class='ocrx_word' id='word_1_92' title='bbox 1210 1448 1402 1502; x_wconf 85' lang='lat' dir='ltr'>probam.</span> 
     </span>
     <span class='ocr_line' id='line_1_18' title="bbox 383 1518 1725 1574; baseline -0.001 -12"><span class='ocrx_word' id='word_1_93' title='bbox 383 1519 624 1574; x_wconf 85' lang='lat' dir='ltr'>Respondit</span> <span class='ocrx_word' id='word_1_94' title='bbox 656 1521 823 1561; x_wconf 87' lang='lat' dir='ltr'>contra:</span> <span class='ocrx_word' id='word_1_95' title='bbox 854 1521 902 1560; x_wconf 90' lang='lat' dir='ltr'>tu</span> <span class='ocrx_word' id='word_1_96' title='bbox 935 1518 1061 1560; x_wconf 86' lang='lat' dir='ltr'>fidem</span> <span class='ocrx_word' id='word_1_97' title='bbox 1095 1518 1200 1560; x_wconf 89' lang='lat' dir='ltr'>bene</span> <span class='ocrx_word' id='word_1_98' title='bbox 1232 1519 1466 1573; x_wconf 86' lang='lat' dir='ltr'>praedicas,</span> <span class='ocrx_word' id='word_1_99' title='bbox 1685 1530 1725 1560; x_wconf 90' lang='lat'>10</span> 
     </span>
     <span class='ocr_line' id='line_1_19' title="bbox 385 1589 1523 1644; baseline 0 -12"><span class='ocrx_word' id='word_1_100' title='bbox 385 1590 495 1640; x_wconf 85' lang='lat' dir='ltr'>Quia</span> <span class='ocrx_word' id='word_1_101' title='bbox 521 1605 606 1632; x_wconf 88' lang='lat' dir='ltr'>non</span> <span class='ocrx_word' id='word_1_102' title='bbox 633 1605 727 1632; x_wconf 91' lang='lat' dir='ltr'>sum</span> <span class='ocrx_word' id='word_1_103' title='bbox 753 1590 798 1631; x_wconf 90' lang='lat' dir='ltr'>in</span> <span class='ocrx_word' id='word_1_104' title='bbox 825 1604 989 1644; x_wconf 89' lang='lat' dir='ltr'>campo,</span> <span class='ocrx_word' id='word_1_105' title='bbox 1016 1589 1088 1630; x_wconf 86' lang='lat' dir='ltr'>sed</span> <span class='ocrx_word' id='word_1_106' title='bbox 1115 1590 1193 1631; x_wconf 92' lang='lat' dir='ltr'>sub</span> <span class='ocrx_word' id='word_1_107' title='bbox 1220 1590 1302 1644; x_wconf 91' lang='lat' dir='ltr'>dio,</span> <span class='ocrx_word' id='word_1_108' title='bbox 1327 1605 1405 1644; x_wconf 90' lang='lat' dir='ltr'>par</span> <span class='ocrx_word' id='word_1_109' title='bbox 1431 1590 1523 1632; x_wconf 85' lang='lat' dir='ltr'>tibi.</span> 
     </span>
     <span class='ocr_line' id='line_1_20' title="bbox 385 1660 1490 1715; baseline 0.001 -13"><span class='ocrx_word' id='word_1_110' title='bbox 385 1661 497 1710; x_wconf 84' lang='lat' dir='ltr'>Quin</span> <span class='ocrx_word' id='word_1_111' title='bbox 529 1675 722 1715; x_wconf 86' lang='lat' dir='ltr'>sequere3</span> <span class='ocrx_word' id='word_1_112' title='bbox 754 1660 835 1702; x_wconf 90' lang='lat' dir='ltr'>tibi</span> <span class='ocrx_word' id='word_1_113' title='bbox 868 1661 1049 1702; x_wconf 84' lang='lat' dir='ltr'>salutem</span> <span class='ocrx_word' id='word_1_114' title='bbox 1083 1661 1307 1702; x_wconf 89' lang='lat' dir='ltr'>committo</span> <span class='ocrx_word' id='word_1_115' title='bbox 1340 1676 1490 1703; x_wconf 88' lang='lat' dir='ltr'>meam.</span> 
     </span>
    </p>
   </div>
   <div class='ocr_carea' id='block_1_6' title="bbox 810 1801 1078 1917">
    <p class='ocr_par' dir='ltr' id='par_1_9' title="bbox 810 1801 1078 1917">
     <span class='ocr_line' id='line_1_21' title="bbox 865 1801 1021 1843; baseline -0.006 0"><span class='ocrx_word' id='word_1_116' title='bbox 865 1801 1021 1843; x_wconf 88' lang='lat' dir='ltr'>XXXI.</span> 
     </span>
     <span class='ocr_line' id='line_1_22' title="bbox 810 1871 1078 1917; baseline 0 -12"><span class='ocrx_word' id='word_1_117' title='bbox 810 1871 1078 1917; x_wconf 68' lang='lat' dir='ltr'>[AVCTORJ</span> 
     </span>
    </p>
   </div>
   <div class='ocr_carea' id='block_1_7' title="bbox 383 1939 1524 2209">
    <p class='ocr_par' dir='ltr' id='par_1_10' title="bbox 383 1939 1524 2209">
     <span class='ocr_line' id='line_1_23' title="bbox 641 1939 1261 1987; baseline 0.002 -12"><span class='ocrx_word' id='word_1_118' title='bbox 641 1941 710 1986; x_wconf 90' lang='lat' dir='ltr'>[De</span> <span class='ocrx_word' id='word_1_119' title='bbox 737 1939 793 1975; x_wconf 87' lang='lat' dir='ltr'>his</span> <span class='ocrx_word' id='word_1_120' title='bbox 819 1940 884 1985; x_wconf 79' lang='lat' dir='ltr'>qui</span> <span class='ocrx_word' id='word_1_121' title='bbox 908 1941 1038 1986; x_wconf 82' lang='lat' dir='ltr'>legunt</span> <span class='ocrx_word' id='word_1_122' title='bbox 1063 1940 1261 1987; x_wconf 86' lang='lat' dir='ltr'>libellum]</span> 
     </span>
     <span class='ocr_line' id='line_1_24' title="bbox 455 2012 1524 2068; baseline 0.002 -14"><span class='ocrx_word' id='word_1_123' title='bbox 455 2013 548 2055; x_wconf 92' lang='lat' dir='ltr'>Hoc</span> <span class='ocrx_word' id='word_1_124' title='bbox 581 2013 945 2068; x_wconf 82' lang='lat' dir='ltr'>qualecumquest,</span> <span class='ocrx_word' id='word_1_125' title='bbox 976 2012 1100 2055; x_wconf 87' lang='lat' dir='ltr'>Musa</span> <span class='ocrx_word' id='word_1_126' title='bbox 1132 2013 1242 2068; x_wconf 87' lang='lat' dir='ltr'>quod</span> <span class='ocrx_word' id='word_1_127' title='bbox 1274 2014 1384 2056; x_wconf 88' lang='lat' dir='ltr'>ludit</span> <span class='ocrx_word' id='word_1_128' title='bbox 1417 2029 1524 2068; x_wconf 84' lang='lat' dir='ltr'>mea,</span> 
     </span>
     <span class='ocr_line' id='line_1_25' title="bbox 383 2083 1311 2138; baseline 0 -13"><span class='ocrx_word' id='word_1_129' title='bbox 383 2083 590 2138; x_wconf 88' lang='lat' dir='ltr'>Nequitia</span> <span class='ocrx_word' id='word_1_130' title='bbox 620 2083 785 2137; x_wconf 87' lang='lat' dir='ltr'>pariter</span> <span class='ocrx_word' id='word_1_131' title='bbox 816 2083 963 2125; x_wconf 88' lang='lat' dir='ltr'>laudat</span> <span class='ocrx_word' id='word_1_132' title='bbox 996 2086 1038 2125; x_wconf 83' lang='lat' dir='ltr'>et</span> <span class='ocrx_word' id='word_1_133' title='bbox 1068 2083 1311 2138; x_wconf 83' lang='lat' dir='ltr'>frugalitas,</span> 
     </span>
     <span class='ocr_line' id='line_1_26' title="bbox 386 2153 1431 2209; baseline 0.002 -14"><span class='ocrx_word' id='word_1_134' title='bbox 386 2153 467 2196; x_wconf 85' lang='lat' dir='ltr'>Sed</span> <span class='ocrx_word' id='word_1_135' title='bbox 498 2154 604 2196; x_wconf 89' lang='lat' dir='ltr'>haec</span> <span class='ocrx_word' id='word_1_136' title='bbox 638 2154 913 2209; x_wconf 79' lang='lat' dir='ltr'>simpliciter3</span> <span class='ocrx_word' id='word_1_137' title='bbox 945 2155 1023 2196; x_wconf 91' lang='lat' dir='ltr'>illa</span> <span class='ocrx_word' id='word_1_138' title='bbox 1054 2155 1187 2197; x_wconf 87' lang='lat' dir='ltr'>tacite</span> <span class='ocrx_word' id='word_1_139' title='bbox 1218 2155 1431 2197; x_wconf 82' lang='lat' dir='ltr'>irascitur.</span> 
     </span>
    </p>
   </div>
   <div class='ocr_carea' id='block_1_8' title="bbox 174 2250 450 2256">
    <p class='ocr_par' dir='ltr' id='par_1_11' title="bbox 174 2250 450 2256">
     <span class='ocr_line' id='line_1_27' title="bbox 174 2250 450 2256; baseline 0 0"><span class='ocrx_word' id='word_1_140' title='bbox 174 2250 450 2256; x_wconf 95' lang='lat' dir='ltr'> </span> 
     </span>
    </p>
   </div>
   <div class='ocr_carea' id='block_1_9' title="bbox 134 2281 1725 2858">
    <p class='ocr_par' dir='ltr' id='par_1_12' title="bbox 134 2281 1725 2385">
     <span class='ocr_line' id='line_1_28' title="bbox 173 2281 1725 2327; baseline 0.002 -11"><span class='ocrx_word' id='word_1_141' title='bbox 173 2286 191 2316; x_wconf 83' lang='lat'>7</span> <span class='ocrx_word' id='word_1_142' title='bbox 218 2283 259 2317; x_wconf 87' lang='lat' dir='ltr'>tu</span> <span class='ocrx_word' id='word_1_143' title='bbox 284 2281 333 2325; x_wconf 85' lang='grc' dir='ltr'>Ν,</span> <span class='ocrx_word' id='word_1_144' title='bbox 369 2281 407 2325; x_wconf 65' lang='grc' dir='ltr'>Θ</span> <span class='ocrx_word' id='word_1_145' title='bbox 427 2285 468 2318; x_wconf 86' lang='lat' dir='ltr'>tu</span> <span class='ocrx_word' id='word_1_146' title='bbox 495 2283 535 2318; x_wconf 89' lang='lat' dir='ltr'>V.</span> <span class='ocrx_word' id='word_1_147' title='bbox 616 2287 636 2318; x_wconf 90' lang='grc'>8</span> <span class='ocrx_word' id='word_1_148' title='bbox 663 2293 917 2327; x_wconf 85' lang='lat' dir='ltr'>quemcunque</span> <span class='ocrx_word' id='word_1_149' title='bbox 945 2282 986 2317; x_wconf 87' lang='lat' dir='ltr'>V.</span> <span class='ocrx_word' id='word_1_150' title='bbox 1073 2286 1093 2317; x_wconf 87' lang='lat'>9</span> <span class='ocrx_word' id='word_1_151' title='bbox 1120 2285 1160 2318; x_wconf 87' lang='lat' dir='ltr'>at</span> <span class='ocrx_word' id='word_1_152' title='bbox 1185 2283 1390 2326; x_wconf 59' lang='lat' dir='ltr'>&amp;belis-ius,</span> <span class='ocrx_word' id='word_1_153' title='bbox 1424 2286 1462 2319; x_wconf 86' lang='lat' dir='ltr'>et</span> <span class='ocrx_word' id='word_1_154' title='bbox 1489 2284 1529 2319; x_wconf 94' lang='lat' dir='ltr'>V.</span> <span class='ocrx_word' id='word_1_155' title='bbox 1592 2284 1725 2319; x_wconf 83' lang='lat' dir='ltr'>extulit</span> 
     </span>
     <span class='ocr_line' id='line_1_29' title="bbox 134 2329 1413 2385; baseline 0.002 -10"><span class='ocrx_word' id='word_1_156' title='bbox 134 2329 139 2334; x_wconf 48' lang='grc'>’</span> <span class='ocrx_word' id='word_1_157' title='bbox 173 2341 234 2383; x_wconf 83' lang='grc' dir='ltr'>Μ,</span> <span class='ocrx_word' id='word_1_158' title='bbox 261 2341 381 2376; x_wconf 83' lang='lat' dir='ltr'>edulit</span> <span class='ocrx_word' id='word_1_159' title='bbox 406 2341 447 2383; x_wconf 82' lang='lat' dir='ltr'>V,</span> <span class='ocrx_word' id='word_1_160' title='bbox 473 2341 533 2375; x_wconf 87' lang='lat' dir='ltr'>edi</span> <span class='ocrx_word' id='word_1_161' title='bbox 555 2369 560 2375; x_wconf 95' lang='lat'><em>.</em></span> <span class='ocrx_word' id='word_1_162' title='bbox 583 2369 589 2375; x_wconf 93' lang='lat'><strong>.</strong></span> <span class='ocrx_word' id='word_1_163' title='bbox 612 2369 618 2375; x_wconf 93' lang='lat'><strong>.</strong></span> <span class='ocrx_word' id='word_1_164' title='bbox 646 2341 696 2383; x_wconf 89' lang='lat' dir='ltr'>N,</span> <span class='ocrx_word' id='word_1_165' title='bbox 722 2341 839 2376; x_wconf 84' lang='lat' dir='ltr'>edidit</span> <span class='ocrx_word' id='word_1_166' title='bbox 866 2353 894 2375; x_wconf 71' lang='grc' dir='ltr'>ι’.</span> <span class='ocrx_word' id='word_1_167' title='bbox 985 2345 1026 2376; x_wconf 93' lang='grc'>10</span> <span class='ocrx_word' id='word_1_168' title='bbox 1053 2353 1178 2376; x_wconf 87' lang='lat' dir='ltr'>sumus</span> <span class='ocrx_word' id='word_1_169' title='bbox 1199 2341 1239 2385; x_wconf 84' lang='lat' dir='ltr'>V,</span> <span class='ocrx_word' id='word_1_170' title='bbox 1266 2353 1340 2377; x_wconf 81' lang='lat' dir='ltr'>non</span> <span class='ocrx_word' id='word_1_171' title='bbox 1365 2343 1413 2377; x_wconf 89' lang='grc' dir='ltr'>Ν.</span> 
     </span>
    </p>

    <p class='ocr_par' dir='ltr' id='par_1_13' title="bbox 171 2399 1725 2681">
     <span class='ocr_line' id='line_1_30' title="bbox 266 2399 1725 2444; baseline 0.001 -10"><span class='ocrx_word' id='word_1_172' title='bbox 266 2399 383 2443; x_wconf 84' lang='lat' dir='ltr'>XXX,</span> <span class='ocrx_word' id='word_1_173' title='bbox 412 2405 427 2433; x_wconf 87' lang='lat'>1</span> <span class='ocrx_word' id='word_1_174' title='bbox 457 2399 534 2434; x_wconf 84' lang='lat' dir='ltr'>avis</span> <span class='ocrx_word' id='word_1_175' title='bbox 555 2399 603 2442; x_wconf 85' lang='grc' dir='ltr'>Ν,</span> <span class='ocrx_word' id='word_1_176' title='bbox 629 2400 711 2444; x_wconf 87' lang='lat' dir='ltr'>quis</span> <span class='ocrx_word' id='word_1_177' title='bbox 732 2401 772 2434; x_wconf 89' lang='lat' dir='ltr'>V.</span> <span class='ocrx_word' id='word_1_178' title='bbox 822 2400 1068 2436; x_wconf 85' lang='lat' dir='ltr'>terraneolam</span> <span class='ocrx_word' id='word_1_179' title='bbox 1089 2401 1139 2444; x_wconf 91' lang='grc' dir='ltr'>Ν,</span> <span class='ocrx_word' id='word_1_180' title='bbox 1165 2401 1387 2436; x_wconf 86' lang='lat' dir='ltr'>terantulam</span> <span class='ocrx_word' id='word_1_181' title='bbox 1411 2401 1451 2435; x_wconf 79' lang='lat' dir='ltr'>V.</span> <span class='ocrx_word' id='word_1_182' title='bbox 1520 2407 1539 2436; x_wconf 76' lang='lat'>:3</span> <span class='ocrx_word' id='word_1_183' title='bbox 1566 2401 1725 2436; x_wconf 87' lang='lat' dir='ltr'>occurrit</span> 
     </span>
     <span class='ocr_line' id='line_1_31' title="bbox 180 2458 1722 2505; baseline 0.001 -13"><span class='ocrx_word' id='word_1_184' title='bbox 180 2459 220 2500; x_wconf 78' lang='lat' dir='ltr'>V,</span> <span class='ocrx_word' id='word_1_185' title='bbox 245 2470 336 2494; x_wconf 80' lang='lat' dir='ltr'>corr.</span> <span class='ocrx_word' id='word_1_186' title='bbox 360 2459 472 2493; x_wconf 77' lang='lat' dir='ltr'>[ann.</span> <span class='ocrx_word' id='word_1_187' title='bbox 529 2463 550 2493; x_wconf 84' lang='lat'>4</span> <span class='ocrx_word' id='word_1_188' title='bbox 570 2458 692 2504; x_wconf 83' lang='lat' dir='ltr'>pinnis</span> <span class='ocrx_word' id='word_1_189' title='bbox 712 2460 769 2502; x_wconf 80' lang='lat' dir='ltr'>M,</span> <span class='ocrx_word' id='word_1_190' title='bbox 794 2459 925 2505; x_wconf 87' lang='lat' dir='ltr'>pennis</span> <span class='ocrx_word' id='word_1_191' title='bbox 935 2459 975 2493; x_wconf 90' lang='lat' dir='ltr'>V.</span> <span class='ocrx_word' id='word_1_192' title='bbox 1027 2465 1046 2494; x_wconf 82' lang='lat'>5</span> <span class='ocrx_word' id='word_1_193' title='bbox 1068 2460 1258 2495; x_wconf 87' lang='lat' dir='ltr'>scurabaei</span> <span class='ocrx_word' id='word_1_194' title='bbox 1275 2460 1314 2503; x_wconf 86' lang='lat' dir='ltr'>V,</span> <span class='ocrx_word' id='word_1_195' title='bbox 1341 2472 1415 2495; x_wconf 77' lang='lat' dir='ltr'>non</span> <span class='ocrx_word' id='word_1_196' title='bbox 1434 2460 1482 2494; x_wconf 87' lang='grc' dir='ltr'>Ν.</span> <span class='ocrx_word' id='word_1_197' title='bbox 1522 2465 1542 2495; x_wconf 90' lang='grc'>8</span> <span class='ocrx_word' id='word_1_198' title='bbox 1568 2460 1661 2494; x_wconf 88' lang='lat' dir='ltr'>nihil</span> <span class='ocrx_word' id='word_1_199' title='bbox 1682 2460 1722 2494; x_wconf 88' lang='lat' dir='ltr'>V.</span> 
     </span>
     <span class='ocr_line' id='line_1_32' title="bbox 171 2517 1626 2564; baseline 0.001 -12"><span class='ocrx_word' id='word_1_200' title='bbox 171 2529 241 2563; x_wconf 87' lang='lat' dir='ltr'>ego</span> <span class='ocrx_word' id='word_1_201' title='bbox 264 2517 304 2559; x_wconf 73' lang='lat' dir='ltr'>V,</span> <span class='ocrx_word' id='word_1_202' title='bbox 336 2528 426 2562; x_wconf 90' lang='lat' dir='ltr'>rogo</span> <span class='ocrx_word' id='word_1_203' title='bbox 453 2517 501 2551; x_wconf 91' lang='grc' dir='ltr'>Ν.</span> <span class='ocrx_word' id='word_1_204' title='bbox 599 2522 619 2552; x_wconf 85' lang='grc'><strong>9</strong></span> <span class='ocrx_word' id='word_1_205' title='bbox 645 2530 680 2563; x_wconf 87' lang='lat' dir='ltr'>p.</span> <span class='ocrx_word' id='word_1_206' title='bbox 706 2530 741 2562; x_wconf 89' lang='lat' dir='ltr'>q.</span> <span class='ocrx_word' id='word_1_207' title='bbox 768 2530 833 2561; x_wconf 83' lang='lat' dir='ltr'>m.,</span> <span class='ocrx_word' id='word_1_208' title='bbox 869 2519 923 2552; x_wconf 81' lang='lat' dir='ltr'>ita</span> <span class='ocrx_word' id='word_1_209' title='bbox 950 2518 999 2560; x_wconf 84' lang='lat' dir='ltr'>V,·</span> <span class='ocrx_word' id='word_1_210' title='bbox 1036 2522 1189 2564; x_wconf 87' lang='lat' dir='ltr'>propter</span> <span class='ocrx_word' id='word_1_211' title='bbox 1215 2546 1221 2552; x_wconf 92' lang='lat'><strong>.</strong></span> <span class='ocrx_word' id='word_1_212' title='bbox 1250 2531 1265 2553; x_wconf 89' lang='lat' dir='ltr'>s</span> <span class='ocrx_word' id='word_1_213' title='bbox 1287 2548 1293 2554; x_wconf 93' lang='lat'><strong>.</strong></span> <span class='ocrx_word' id='word_1_214' title='bbox 1316 2548 1322 2555; x_wconf 92' lang='lat'>.</span> <span class='ocrx_word' id='word_1_215' title='bbox 1344 2521 1402 2555; x_wconf 88' lang='lat' dir='ltr'>tos</span> <span class='ocrx_word' id='word_1_216' title='bbox 1433 2530 1552 2554; x_wconf 88' lang='lat' dir='ltr'>mores</span> <span class='ocrx_word' id='word_1_217' title='bbox 1578 2519 1626 2554; x_wconf 89' lang='grc' dir='ltr'>Ν.</span> 
     </span>
     <span class='ocr_line' id='line_1_33' title="bbox 173 2575 1722 2620; baseline 0 -8"><span class='ocrx_word' id='word_1_218' title='bbox 173 2581 215 2612; x_wconf 87' lang='grc'>10</span> <span class='ocrx_word' id='word_1_219' title='bbox 240 2578 281 2611; x_wconf 85' lang='lat' dir='ltr'>tu</span> <span class='ocrx_word' id='word_1_220' title='bbox 307 2575 456 2620; x_wconf 87' lang='lat' dir='ltr'>quidem</span> <span class='ocrx_word' id='word_1_221' title='bbox 485 2576 525 2618; x_wconf 85' lang='lat' dir='ltr'>V,</span> <span class='ocrx_word' id='word_1_222' title='bbox 562 2578 606 2611; x_wconf 87' lang='lat' dir='ltr'>t.</span> <span class='ocrx_word' id='word_1_223' title='bbox 629 2604 636 2610; x_wconf 96' lang='lat'>.</span> <span class='ocrx_word' id='word_1_224' title='bbox 658 2603 665 2610; x_wconf 88' lang='lat'><strong>.</strong></span> <span class='ocrx_word' id='word_1_225' title='bbox 686 2575 784 2611; x_wconf 85' lang='lat' dir='ltr'>idem</span> <span class='ocrx_word' id='word_1_226' title='bbox 809 2577 865 2620; x_wconf 83' lang='lat' dir='ltr'>N,</span> <span class='ocrx_word' id='word_1_227' title='bbox 903 2587 994 2612; x_wconf 85' lang='lat' dir='ltr'>corr.</span> <span class='ocrx_word' id='word_1_228' title='bbox 1015 2577 1121 2612; x_wconf 77' lang='lat' dir='ltr'>Both.</span> <span class='ocrx_word' id='word_1_229' title='bbox 1223 2581 1260 2612; x_wconf 90' lang='lat'>11</span> <span class='ocrx_word' id='word_1_230' title='bbox 1290 2578 1344 2612; x_wconf 80' lang='lat' dir='ltr'>ita</span> <span class='ocrx_word' id='word_1_231' title='bbox 1371 2578 1418 2611; x_wconf 82' lang='lat' dir='ltr'><em>M</em></span> <span class='ocrx_word' id='word_1_232' title='bbox 1424 2591 1437 2619; x_wconf 89' lang='lat'><em>;</em></span> <span class='ocrx_word' id='word_1_233' title='bbox 1479 2588 1553 2612; x_wconf 93' lang='lat' dir='ltr'>non</span> <span class='ocrx_word' id='word_1_234' title='bbox 1579 2589 1660 2612; x_wconf 85' lang='lat' dir='ltr'>sum</span> <span class='ocrx_word' id='word_1_235' title='bbox 1684 2576 1722 2611; x_wconf 93' lang='lat' dir='ltr'>in</span> 
     </span>
     <span class='ocr_line' id='line_1_34' title="bbox 171 2633 949 2681; baseline 0 -11"><span class='ocrx_word' id='word_1_236' title='bbox 171 2646 301 2681; x_wconf 84' lang='lat' dir='ltr'>campo</span> <span class='ocrx_word' id='word_1_237' title='bbox 328 2646 394 2680; x_wconf 83' lang='lat' dir='ltr'>par</span> <span class='ocrx_word' id='word_1_238' title='bbox 418 2633 505 2677; x_wconf 86' lang='lat' dir='ltr'>tibi,</span> <span class='ocrx_word' id='word_1_239' title='bbox 531 2634 595 2669; x_wconf 83' lang='lat' dir='ltr'>sed</span> <span class='ocrx_word' id='word_1_240' title='bbox 621 2647 700 2669; x_wconf 85' lang='lat' dir='ltr'>sum</span> <span class='ocrx_word' id='word_1_241' title='bbox 727 2635 794 2670; x_wconf 84' lang='lat' dir='ltr'>sub</span> <span class='ocrx_word' id='word_1_242' title='bbox 820 2635 880 2670; x_wconf 88' lang='lat' dir='ltr'>dio</span> <span class='ocrx_word' id='word_1_243' title='bbox 908 2635 949 2670; x_wconf 88' lang='lat' dir='ltr'>V.</span> 
     </span>
    </p>

    <p class='ocr_par' dir='ltr' id='par_1_14' title="bbox 170 2693 1722 2858">
     <span class='ocr_line' id='line_1_35' title="bbox 266 2693 1722 2739; baseline 0.001 -11"><span class='ocrx_word' id='word_1_244' title='bbox 266 2693 386 2728; x_wconf 84' lang='lat' dir='ltr'>XXXI</span> <span class='ocrx_word' id='word_1_245' title='bbox 412 2695 519 2728; x_wconf 79' lang='lat' dir='ltr'>inser.</span> <span class='ocrx_word' id='word_1_246' title='bbox 534 2693 579 2728; x_wconf 78' lang='lat' dir='ltr'>iis</span> <span class='ocrx_word' id='word_1_247' title='bbox 600 2694 647 2728; x_wconf 90' lang='grc' dir='ltr'>Ν.</span> <span class='ocrx_word' id='word_1_248' title='bbox 716 2697 736 2728; x_wconf 89' lang='grc'><strong>3</strong></span> <span class='ocrx_word' id='word_1_249' title='bbox 756 2693 870 2729; x_wconf 83' lang='lat' dir='ltr'>tacite</span> <span class='ocrx_word' id='word_1_250' title='bbox 890 2694 939 2738; x_wconf 84' lang='lat' dir='ltr'>N,</span> <span class='ocrx_word' id='word_1_251' title='bbox 964 2694 1081 2729; x_wconf 77' lang='lat' dir='ltr'>tacita</span> <span class='ocrx_word' id='word_1_252' title='bbox 1096 2694 1136 2728; x_wconf 91' lang='lat' dir='ltr'>V.</span> <span class='ocrx_word' id='word_1_253' title='bbox 1188 2695 1268 2729; x_wconf 83' lang='lat' dir='ltr'>Hoc</span> <span class='ocrx_word' id='word_1_254' title='bbox 1292 2705 1435 2729; x_wconf 75' lang='lat' dir='ltr'>carmen</span> <span class='ocrx_word' id='word_1_255' title='bbox 1461 2695 1502 2729; x_wconf 82' lang='lat' dir='ltr'>in</span> <span class='ocrx_word' id='word_1_256' title='bbox 1526 2695 1604 2729; x_wconf 80' lang='lat' dir='ltr'>cdd.</span> <span class='ocrx_word' id='word_1_257' title='bbox 1627 2695 1722 2739; x_wconf 81' lang='lat' dir='ltr'>posi·</span> 
     </span>
     <span class='ocr_line' id='line_1_36' title="bbox 171 2753 1722 2798; baseline 0.001 -12"><span class='ocrx_word' id='word_1_258' title='bbox 171 2755 245 2786; x_wconf 80' lang='lat' dir='ltr'>tum</span> <span class='ocrx_word' id='word_1_259' title='bbox 271 2757 320 2788; x_wconf 83' lang='lat' dir='ltr'>est</span> <span class='ocrx_word' id='word_1_260' title='bbox 339 2757 423 2797; x_wconf 76' lang='lat' dir='ltr'>post</span> <span class='ocrx_word' id='word_1_261' title='bbox 448 2753 522 2795; x_wconf 84' lang='lat' dir='ltr'>sab.</span> <span class='ocrx_word' id='word_1_262' title='bbox 546 2753 571 2786; x_wconf 93' lang='lat' dir='ltr'><em>I</em></span> <span class='ocrx_word' id='word_1_263' title='bbox 577 2766 589 2793; x_wconf 87' lang='lat'><em>;</em></span> <span class='ocrx_word' id='word_1_264' title='bbox 620 2753 798 2797; x_wconf 72' lang='lat' dir='ltr'>epiloyum</span> <span class='ocrx_word' id='word_1_265' title='bbox 817 2754 902 2795; x_wconf 79' lang='lat' dir='ltr'>fecit</span> <span class='ocrx_word' id='word_1_266' title='bbox 927 2754 1037 2788; x_wconf 79' lang='lat' dir='ltr'>totius</span> <span class='ocrx_word' id='word_1_267' title='bbox 1061 2754 1210 2798; x_wconf 77' lang='lat' dir='ltr'>sylloyes</span> <span class='ocrx_word' id='word_1_268' title='bbox 1232 2753 1357 2796; x_wconf 59' lang='lat' dir='ltr'>lana,</span> <span class='ocrx_word' id='word_1_269' title='bbox 1384 2754 1575 2798; x_wconf 77' lang='lat' dir='ltr'>proloyum</span> <span class='ocrx_word' id='word_1_270' title='bbox 1594 2753 1722 2795; x_wconf 56' lang='lat' dir='ltr'>Both,-</span> 
     </span>
     <span class='ocr_line' id='line_1_37' title="bbox 170 2812 1525 2858; baseline 0.002 -13"><span class='ocrx_word' id='word_1_271' title='bbox 170 2812 330 2858; x_wconf 78' lang='lat' dir='ltr'>equidem</span> <span class='ocrx_word' id='word_1_272' title='bbox 355 2813 530 2858; x_wconf 73' lang='lat' dir='ltr'>epiloyum</span> <span class='ocrx_word' id='word_1_273' title='bbox 557 2812 704 2855; x_wconf 76' lang='lat' dir='ltr'>fabulae</span> <span class='ocrx_word' id='word_1_274' title='bbox 729 2812 934 2856; x_wconf 77' lang='lat' dir='ltr'>deperditae</span> <span class='ocrx_word' id='word_1_275' title='bbox 959 2813 1046 2847; x_wconf 82' lang='lat' dir='ltr'>libri</span> <span class='ocrx_word' id='word_1_276' title='bbox 1069 2813 1190 2857; x_wconf 75' lang='lat' dir='ltr'>quinti</span> <span class='ocrx_word' id='word_1_277' title='bbox 1213 2813 1326 2855; x_wconf 67' lang='lat' dir='ltr'>fin&#39;sse</span> <span class='ocrx_word' id='word_1_278' title='bbox 1350 2813 1525 2848; x_wconf 60' lang='lat' dir='ltr'>e-ristimo.</span> 
     </span>
    </p>
   </div>
  </div>
 </body>
</html>
