2028 3310
187 186 270 221 VIII
872 182 1028 217 CAPVT
1054 183 1081 216 Ι.

187 309 281 335 rum
325 293 492 334 iniuriis
537 294 653 332 tutus
698 293 740 331 01
778 304 872 330 011111
909 289 1069 331 1111111113
1107 291 1276 343 praeter
1313 289 1472 330 famam
1516 289 1576 330 rei
1620 292 1733 330 esset

188 364 362 418 cupidus
408 363 513 404 satis
557 362 726 410 beatus,
776 359 838 400 rei
881 359 1108 401 familiaris
1146 359 1398 401 tenuitatem
1440 358 1476 400 si
1508 358 1733 413 exceperis,

186 434 353 475 videtur
384 433 553 474 vixisse.
615 430 736 471 Obiit
767 431 913 471 exacta
952 431 1091 471 aetate
1132 430 1210 471 sub
1244 428 1420 471 Claudio
1452 429 1521 470 vel
1551 426 1734 469 Nerone.

186 502 355 545 Nomen
381 503 425 544 in
446 500 702 554 antiquitate
722 514 771 540 ac
796 513 872 553 per
890 499 1084 553 proxima
1103 499 1275 541 saecula
1299 499 1411 541 haud
1438 499 1499 540 ita
1519 511 1734 552 magnum,

189 574 406 627 aliquanto
447 570 611 612 auctius
649 569 811 610 recenti
850 571 1044 623 tempore
1082 569 1279 622 optinuit.
1349 568 1607 624 Aequalium
1646 568 1735 609 eius

188 647 236 684 ut
267 641 458 683 libertini
496 640 668 694 ingenio
708 639 1042 681 obtrectantium
1079 638 1240 680 invidia
1278 639 1510 693 plurimum
1549 638 1736 692 carpitur

189 713 242 754 ab
275 712 380 766 ipso,
443 709 642 752 Ceterum
673 710 722 751 de
754 711 844 752 vita
875 712 917 750 et
949 709 1116 751 casibus
1156 709 1244 750 eius
1277 723 1373 751 cum
1405 709 1506 750 alibi
1538 708 1646 749 nihil
1680 709 1737 750 sit

187 782 391 824 traditum
439 780 695 835 antiquitUS‚
746 779 946 835 quicquid
998 779 1186 821 innotuit
1230 780 1366 833 ipsius
1407 779 1608 821 docemur
1652 793 1738 820 car-

189 853 387 894 minibus.

307 922 490 976 Scripsit
522 926 664 964 autem
686 922 904 976 Aesopum
926 924 1094 962 secutus
1114 920 1358 962 fabularum
1385 919 1518 960 libros
1541 919 1739 974 quinque,

188 1008 209 1034 e
249 993 402 1047 quibus
450 995 594 1034 tamen
639 996 706 1034 sat
749 991 906 1033 multas
952 990 1219 1032 intercidisse
1263 994 1441 1043 apparet
1484 1004 1571 1031 11011
1615 989 1740 1031 1110ᾶο

189 1062 353 1104 Ρο1·0111
373 1063 520 1117 0οΡ113,
553 1062 624 1117 qui
657 1062 795 1104 medio
817 1062 985 1103 saeculo
1007 1061 1155 1115 quinto
1178 1060 1340 1102 decimo
1369 1075 1470 1101 usus
1491 1059 1742 1101 membrana

188 1133 466 1186 locupletiore
499 1132 640 1173 XXXI
682 1134 883 1186 poemata
916 1131 1105 1173 servavit
1137 1145 1244 1185 quae
1276 1144 1361 1171 non
1393 1130 1664 1185 reperiuntur
1696 1130 1742 1171 111

189 1203 404 1245 codicibus
436 1203 676 1245 Pithoeano
717 1204 758 1243 et
790 1202 1009 1252 Remensi,
1049 1202 1120 1243 sed
1159 1204 1202 1243 et
1235 1201 1325 1242 eius
1367 1215 1483 1254 cura,
1529 1201 1602 1255 qui
1639 1204 1744 1242 tem·

188 1289 292 1328 pore
317 1273 682 1328 Merovingiorum
704 1272 887 1314 Phaedri
919 1273 1056 1314 multa
1088 1271 1291 1326 opuscula
1321 1271 1365 1312 in
1392 1271 1632 1324 pedestrem
1658 1286 1742 1313 ser-

190 1359 359 1386 monem
392 1358 597 1386 conversa
642 1346 684 1385 01
729 1344 957 1384 coniuncta
1010 1357 1106 1384 cum
1150 1342 1248 1384 aliis
1293 1342 1459 1396 redegit
1503 1342 1547 1383 in
1591 1356 1743 1396 corpus

190 1415 451 1469 fabularum,
490 1414 602 1468 quod
634 1413 888 1467 inscriptum
921 1416 986 1455 est
1018 1413 1179 1467 Aesopi
1216 1412 1400 1454 1101111110.
1461 1412 1521 1453 Ε1
1553 1428 1574 1454 0
1605 1413 1743 1466 primo

190 1486 338 1528 libello
390 1485 596 1540 quaedam
649 1485 809 1539 perisse
862 1484 996 1538 ipsius
1048 1486 1200 1538 poetae
1244 1482 1493 1524 testimonio
1538 1483 1745 1536 firmatur,

191 1557 347 1611 quippe
380 1556 452 1610 qui
483 1558 629 1597 narret
660 1556 705 1596 in
737 1569 785 1596 eo
819 1555 950 1596 etiam
988 1555 1162 1596 arbores
1203 1568 1294 1595 esse
1327 1553 1582 1607 collocutas‚
1626 1553 1744 1595 cuius

191 1642 301 1669 nunc
340 1628 509 1682 quidem
547 1627 608 1668 rei
646 1641 723 1668 nec
761 1627 861 1669 vola
897 1640 974 1667 nec
1011 1625 1242 1680 vestigium
1284 1628 1437 1666 exstat.
1517 1624 1745 1671 Praeterea

192 1698 419 1740 secundum
459 1697 657 1739 volumen
698 1700 742 1738 et
780 1697 975 1751 quintum
1007 1696 1239 1750 plurimum
1279 1695 1390 1737 labis
1433 1694 1615 1736 traxisse
1653 1695 1746 1748 ipsa

192 1769 409 1823 paucitate
440 1767 697 1809 fabellarum
731 1768 955 1809 indicatur.
1022 1766 1140 1808 Haec
1173 1766 1330 1808 damna
1362 1769 1406 1807 ut
1441 1765 1586 1819 aliquo
1619 1768 1745 1819 pacto

192 1839 512 1892 resarcirentur,
545 1841 765 1892 excerptas
799 1852 848 1878 ex
882 1837 1087 1891 anonymi
1126 1837 1294 1891 sylloge
1326 1836 1495 1878 fabulas
1527 1835 1607 1876 XX
1640 1850 1746 1890 quae

192 1910 377 1952 maxime
409 1909 563 1963 dignae
596 1923 686 1950 esse
720 1907 963 1950 viderentur
988 1907 1181 1949 Phaedro
1213 1921 1359 1948 rursus
1392 1909 1529 1948 metro
1563 1906 1748 1947 adstrin-

194 1981 345 2022 ximus.

311 2051 361 2092 In
393 2051 627 2105 deligendis
661 2050 971 2092 adornandisve
998 2049 1169 2103 fabulis,
1202 2064 1307 2103 quas
1328 2048 1489 2102 partim
1511 2064 1561 2090 ex
1579 2048 1746 2103 Aesopo

194 2122 261 2163 vel
293 2121 464 2163 aliunde
496 2121 722 2163 transtulit
764 2123 912 2162 auctor
951 2120 1110 2174 partim
1151 2119 1328 2160 novavit
1366 2119 1474 2172 ipse,
1519 2118 1746 2173 aliquando

194 2192 395 2233 iudicium
427 2192 653 2245 desideres,
684 2206 761 2233 1100
794 2205 892 2232 vero
926 2190 1082 2244 ubique
1115 2190 1423 2243 proprietatem
1457 2188 1545 2243 logi
1569 2189 1747 2244 Aesopii

195 2263 301 2304 satis
339 2264 452 2304 recte
491 2265 566 2304 aut
603 2261 871 2316 perspexisse
911 2262 984 2301 aut
1027 2262 1297 2313 perspectam
1343 2273 1536 2300 servasse
1580 2259 1748 2301 videtur

194 2333 317 2375 idem.
362 2331 468 2374 Sunt
500 2335 645 2374 tamen
677 2332 868 2373 carmina
900 2331 988 2372 eius
1014 2329 1235 2383 nonnulla,
1269 2344 1374 2384 quae
1395 2329 1511 2371 omni
1532 2329 1748 2384 elegantia

198 2404 386 2445 floreant.
449 2403 614 2445 Genere
653 2402 818 2444 dicendi
860 2402 993 2443 utitur
1031 2404 1078 2442 ut
1116 2401 1349 2456 plurimum
1388 2400 1505 2442 facili
1547 2404 1588 2442 et
1621 2404 1748 2455 terso,

197 2474 427 2529 aliquando
473 2488 573 2515 sane
617 2487 770 2527 parum
822 2472 999 2513 subacto
1045 2486 1121 2512 nec
1165 2471 1270 2513 satis
1317 2472 1430 2513 laeto
1477 2474 1552 2512 aut
1594 2471 1749 2512 vivido.

199 2546 289 2587 Hoc
322 2545 475 2586 vitium
509 2544 692 2585 maxime
725 2542 944 2584 declarant
983 2542 1204 2583 abstracta
1240 2541 1384 2596 posita
1421 2556 1497 2595 pro
1537 2543 1748 2584 concretis

198 2615 342 2669 qualia
373 2614 505 2655 habes
539 2613 733 2654 versibus
766 2612 832 2653 1113
864 2612 970 2654 ‘tum
992 2613 1159 2654 demum
1182 2612 1392 2666 ingemuit
1412 2612 1526 2653 corvi
1548 2612 1748 2666 deceptus

198 2684 366 2739 stupor'
417 2684 494 2726 ‘sic
538 2687 677 2726 totam
721 2683 922 2738 praedam
968 2683 1061 2725 sola
1109 2683 1347 2737 inprobitas
1393 2682 1595 2724 abstulit'
1641 2684 1750 2725 aliis.

199 2754 396 2796 Ceterum
431 2754 557 2795 istam
592 2754 779 2796 discendi
818 2754 1124 2809 proprietatem
1166 2754 1359 2795 videntur
1391 2756 1504 2795 recte
1538 2754 1749 2809 explicare

200 2825 282 2878 illi,
321 2825 391 2879 qui
432 2840 654 2879 personas,
696 2840 799 2879 quas
839 2824 1042 2879 proponit
1074 2824 1309 2876 Phaedrus,
1362 2824 1429 2865 vix
1471 2824 1584 2865 aliud
1624 2839 1750 2879 quam

201 2895 371 2937 umbras
406 2900 448 2937 et
481 2896 675 2951 exempla
711 2910 875 2937 morum
896 2895 1179 2938 humanorum
1201 2909 1294 2937 esse
1315 2894 1588 2937 contendunt.
1634 2895 1749 2938 Idem
