2028 3310
841 199 980 234 LIBER
1012 199 1071 233 IV.
1675 203 1723 241 51

392 305 547 348 Sancta
579 307 828 360 incorrupta
859 307 952 348 iura
983 307 1188 348 reddebat
1219 307 1312 348 fide..

391 376 627 431 Postquam
660 377 806 419 labare
838 378 978 431 coepit
1010 378 1273 431 paenitentia

694 447 699 451 ⁵
853 471 875 494 a:
937 497 961 524 ἧς
1024 469 1048 495 21<

908 575 1000 617 XV.

739 644 1146 689 [PROME'I'HEVS.
1160 647 1163 689 Ι

860 714 885 740 >ic
1036 717 1058 740 ῆι

949 745 974 771 ss

459 799 497 839 A
530 799 700 840 fictione
734 799 891 840 veretri
917 789 1115 852 ⁴linguam
1150 799 1354 841 mulieris.

388 869 670 909 Adfinitatem
702 869 834 910 traxit
866 869 962 910 inde
994 869 1249 911 obscenitas.

896 997 1011 1040 XVI.

845 1068 1052 1113 [IDEMq]

455 1139 644 1194 Rogavit
675 1139 802 1194 alter,
835 1140 1028 1181 tribadas
1062 1143 1103 1181 et
1137 1140 1288 1181 molles
1322 1155 1459 1182 mares

387 1210 504 1259 Quae
535 1211 646 1251 ratio
679 1210 974 1264 procreasset?
1025 1209 1240 1264 Exposuit
1273 1225 1423 1252 senex:

456 1280 574 1321 Idem
605 1280 905 1334 Prometheus3
940 1283 1087 1322 auctor
1119 1281 1239 1334 vulgi
1271 1281 1430 1335 fictilis,

386 1351 465 1400 Qui
500 1352 629 1392 simul
661 1351 837 1393 offendit
869 1351 920 1392 ad
953 1351 1169 1392 fortunam
1200 1351 1429 1406 frangitur,

384 1420 577 1463 Naturae
609 1422 764 1475 partis,
797 1424 914 1464 veste
948 1437 1052 1476 quas
1086 1422 1197 1464 celat
1228 1421 1375 1475 pudor,
1710 1435 1730 1464 5

385 1491 491 1533 Cum
525 1492 756 1546 separatim
788 1495 880 1534 toto
913 1492 1106 1534 finxisset
1138 1492 1217 1547 die,

385 1563 548 1616 Aptare
581 1577 677 1604 mox
710 1566 757 1604 ut
789 1566 935 1616 posset
968 1563 1217 1616 corporibus
1251 1564 1352 1618 suis,

384 1634 449 1674 Ad
484 1636 675 1675 cenamst
705 1633 911 1675 invitatus
945 1633 1089 1675 subito
1124 1649 1149 1674 a
1180 1633 1349 1676 Libero.

384 1703 468 1745 Vbi
503 1704 714 1759 inrigatus
748 1704 884 1746 multo
918 1719 1047 1746 venas
1079 1707 1251 1746 nectare

385 1773 487 1816 Sero
521 1775 735 1816 domumst
767 1789 961 1816 reversus
994 1775 1204 1816 titubanti
1235 1775 1353 1829 pede.
1688 1788 1729 1817 10

383 1845 491 1886 Tum
524 1845 781 1887 semisomno
815 1846 938 1887 corde
971 1848 1014 1887 et
1045 1860 1186 1887 errore
1219 1846 1336 1887 ebrio

385 1916 607 1970 Adplicuit
639 1916 853 1971 virginale
886 1916 1033 1971 generi
1067 1916 1256 1958 masculo

383 1986 441 2027 Et
474 1987 711 2028 masculina
742 1984 933 2028 membra
965 1987 1166 2041 adposuit
1197 1986 1382 2029 feminis.

384 2057 451 2098 Ita
482 2072 593 2099 nunc
626 2057 759 2099 libido
792 2072 923 2112 pravo
956 2057 1113 2099 fruitur
1147 2058 1314 2113 gaudio.

631 2257 720 2301 [DE
747 2186 1274 2301 CAPREiXIBInRBATISJ

452 2328 639 2370 Barbam
673 2329 858 2383 capellae
891 2343 985 2370 cum
1018 2329 1307 2383 inpetrassent
1340 2329 1392 2369 ab
1425 2328 1538 2380 love,

382 2398 501 2440 Hirci
533 2403 772 2440 maerentes
805 2399 1020 2453 indignari
1053 2402 1296 2453 coeperunt,

171 2519 191 2548 6
216 2515 341 2549 lavare
371 2514 463 2558 PB,
502 2525 593 2549 corr.
619 2515 737 2559 Bona.
806 2514 904 2560 cepit
938 2514 1143 2560 penitentia
1177 2514 1228 2559 P,
1272 2515 1394 2559 coepit
1427 2514 1657 2558 poenitentia
1692 2515 1726 2549 R

169 2578 209 2607 ut
234 2574 305 2608 rid.

264 2632 329 2666 XV
356 2632 461 2667 inser.
489 2633 729 2667 Prometheus
761 2633 846 2668 add.
873 2634 978 2669 docti.
1076 2646 1132 2668 vv.
1163 2638 1192 2678 1,
1220 2638 1239 2667 2
1272 2637 1505 2678 seyreyarunt
1537 2645 1560 2667 α
1582 2645 1725 2677 praece-

169 2692 336 2726 dentibus
363 2692 464 2726 idem.
540 2697 558 2725 2
587 2691 796 2726 obscenitas
826 2692 869 2726 P.

264 2750 365 2793 XVI,
395 2755 410 2784 1
439 2749 602 2785 trix-adas
628 2750 713 2784 PR.
773 2754 793 2784 3
814 2754 907 2795 puto
933 2750 1078 2785 futtilis.
1155 2756 1173 2783 ι’)
1201 2750 1316 2795 partis
1339 2750 1426 2786 PR.
1475 2752 1600 2785 vestae
1622 2752 1724 2795 idem,

169 2820 259 2843 corr.
283 2821 320 2853 p.
395 2812 415 2843 8
442 2808 489 2843 ad
515 2820 641 2843 cenam
670 2810 726 2843 est
754 2808 796 2842 1³.
859 2809 882 2844 i.
909 2811 951 2843 ut
976 2822 1002 2843 s.
1030 2820 1052 2843 a
1077 2809 1210 2843 liberto
1240 2809 1284 2851 1²,
1312 2820 1401 2842 corr.
1422 2819 1462 2852 p.
1547 2814 1586 2842 12
1613 2809 1722 2854 virgi-

168 2867 245 2902 nali
274 2867 364 2911 PR,
391 2867 571 2913 virginale
592 2879 631 2911 p.
708 2871 749 2902 13
776 2868 949 2912 adposuit
976 2869 1038 2911 M,
1065 2867 1245 2913 applicuit
1275 2867 1361 2902 PR.

265 2925 364 2960 xvll
392 2926 499 2961 inser.
527 2925 671 2970 capreis
701 2926 787 2960 PR.
862 2932 880 2960 2
908 2929 1091 2961 merentes
1121 2926 1163 2960 P.

1392 2985 1441 3019 4ss
