2028 3310
836 219 979 254 LIBER
1004 219 1065 255 111.
1668 220 1722 259 27

384 326 602 381 Hebrique
635 327 774 368 tenuit
805 327 987 380 impetus
1020 327 1133 369 dulei
1166 341 1295 368 mora.

383 396 501 451 Ergo
534 397 631 438 hine
665 397 813 438 abesto
848 397 971 450 livor,
1003 412 1054 438 ne.
1087 399 1244 438 frustra
1275 411 1435 451 gemaJS,
1681 408 1725 437 (30

385 466 598 515 Quoniam
631 466 850 507 sollemnis
883 466 988 507 mihi
1022 467 1198 508 debetur
1230 468 1377 521 gloria.

455 536 606 577 Induxi
637 538 679 577 te
712 536 763 577 ad
796 536 1041 590 legendum3
1075 537 1287 578 sincerum
1322 538 1425 578 mihi

385 605 577 648 Candore
609 608 711 648 noto
744 607 893 648 reddas
927 606 1129 648 iudicium
1163 610 1272 660 peto.

935 736 966 777 I.

623 805 788 849 [ANVS
814 806 888 839 AD
915 806 1248 839 AMPHORAM.
1262 805 1266 849 Ι

456 876 575 918 Anus
608 877 744 918 iacere
777 876 884 917 vidit
916 879 1088 930 epotam
1121 876 1385 930 amphoram,

385 946 537 988 Adhuc
568 947 750 988 Falerna
782 948 897 988 faece
931 961 976 988 ec
1006 949 1118 987 testa
1149 947 1283 987 nobili

387 1017 569 1058 Odorem
604 1032 709 1071 quae
742 1017 970 1058 iocundum
1002 1018 1089 1058 late
1122 1020 1354 1071 spargeret.

384 1087 510 1128 Hune
542 1090 772 1141 postquam
805 1088 910 1129 totis
944 1087 1068 1128 avida
1100 1087 1232 1128 traxit
1263 1087 1456 1128 naribus:

386 1158 420 1198 O
456 1158 596 1198 suavis
630 1158 791 1199 anima!
825 1158 948 1212 quale
980 1159 1024 1199 in
1057 1161 1099 1199 te
1131 1158 1269 1199 dicam
1302 1158 1461 1199 bonum
1706 1169 1725 1197 5

385 1227 557 1269 Anthae
588 1228 741 1282 fuisse,
772 1229 881 1270 tales
916 1244 1011 1269 eum
1044 1229 1130 1269 sint
1162 1228 1398 1282 reliquiae?

456 1297 548 1340 Hoc
581 1314 663 1353 quo
696 1299 928 1352 pertineat,
959 1299 1083 1352 dicet,
1115 1299 1187 1352 qui
1220 1313 1285 1339 me
1318 1299 1496 1340 noverit.

925 1428 978 1469 ΙῙ.

575 1499 579 1542 Ι
590 1499 900 1532 ΡΑΝΤΗΕΒΑ
926 1500 995 1532 ΕΤ
1023 1500 1315 1532 PASTORES.
1328 1499 1332 1542 Ι

457 1570 577 1612 Solet
609 1586 633 1612 a
665 1570 874 1624 despectis
907 1584 984 1623 par
1016 1570 1164 1611 referri
1196 1570 1350 1623 gratia..

385 1641 603 1683 Panthera
633 1641 862 1696 inprudens
896 1641 999 1682 olim
1032 1641 1076 1681 in
1107 1641 1275 1681 foveam
1308 1639 1474 1681 decidit.

385 1712 540 1753 Videre
573 1714 782 1766 agrestes:
816 1711 890 1752 alii
921 1713 1056 1752 fustes
1090 1713 1338 1764 congerunt,

386 1781 475 1822 Alii
508 1785 688 1824 onerant
720 1781 853 1823 saxis:
887 1781 1059 1836 quidam
1091 1784 1242 1823 contra
1273 1781 1455 1822 miseriti

385 1852 606 1894 Periturae
638 1853 814 1906 quippe,
846 1852 1040 1907 quamvis
1066 1867 1189 1893 nemo
1223 1851 1423 1904 laederet,

386 1923 542 1965 Misere
574 1938 744 1977 panem,
778 1926 824 1964 ut
856 1923 1086 1964 sustineret
1117 1922 1327 1976 spiritum.

386 1992 483 2034 Nox
516 1994 770 2035 insecutast:
803 1996 960 2034 abeunt
992 1993 1128 2034 securi
1161 1993 1345 2045 domum,

387 2063 520 2112 Quasi
551 2064 767 2106 inventuri
798 2066 1011 2105 mortuam
1042 2063 1260 2117 postridie.

1707 1862 1726 1892 cx

175 2185 218 2214 59
245 2180 430 2224 Hebrique
455 2179 654 2224 Riyaltius,
686 2179 895 2223 Herebique
925 2180 959 2213 P
983 2180 1039 2223 (de
1063 2179 1098 2214 R
1124 2190 1197 2214 non
1223 2181 1392 2224 constat);
1434 2180 1533 2213 ‘haee
1557 2190 1627 2214 vox
1652 2180 1726 2213 Ioco

175 2240 324 2273 alterius
346 2239 493 2282 penitus
518 2239 650 2273 deletae
676 2239 775 2281 (rasa
802 2239 1023 2283 membrana)
1044 2239 1169 2282 prima
1195 2250 1307 2273 manu
1331 2239 1469 2282 scripta
1494 2238 1556 2272 θεῖ’
1585 2238 1631 2272 Β.

176 2302 219 2332 sso
246 2298 341 2332 libor
369 2297 454 2331 PR.
552 2301 593 2331 61
623 2296 702 2332 soll.
730 2308 778 2331 m.
803 2297 940 2341 Bona,
983 2309 1030 2331 m.
1058 2297 1249 2332 sollemnis
1278 2298 1327 2339 P,
1361 2297 1397 2331 R
1423 2299 1508 2342 (ατε.
1535 2298 1629 2341 quod
1656 2307 1728 2331 non

175 2359 313 2390 constat
339 2367 424 2390 num
450 2355 637 2390 sollemnis
663 2356 703 2390 in
722 2356 786 2390 hoc
805 2356 979 2400 scriptum·
1004 2356 1116 2398 fuerit
1136 2367 1204 2400 per
1223 2356 1248 2389 11
1277 2359 1308 2390 et
1328 2357 1415 2399 nm).
1466 2355 1644 2390 debentur
1658 2355 1726 2399 139.

269 2415 301 2457 I,
330 2418 348 2447 ’Ξ
376 2424 417 2448 ec
446 2414 502 2455 M,
528 2415 566 2447 et
594 2413 670 2448 PR
681 2414 720 2448 V.
795 2419 814 2448 3
842 2414 1040 2449 iocondum
1069 2415 1113 2450 P.
1189 2416 1365 2458 spargent
1389 2425 1579 2458 operarum
1606 2414 1728 2457 ‘utique

176 2484 292 2508 errore
318 2473 364 2513 B,
391 2474 577 2517 sparserat
609 2472 648 2505 V.
724 2477 744 2506 4
770 2472 880 2507 avida
905 2473 940 2507 11’
965 2485 1008 2507 m..
1035 2484 1111 2513 see,
1147 2473 1253 2507 avide
1277 2472 1316 2514 V,
1343 2473 1442 2507 avita
1470 2473 1513 2516 1²,
1541 2473 1575 2506 11¹
1601 2484 1644 2506 m.
1666 2484 1725 2516 pr.

176 2545 208 2576 q.
236 2533 258 2566 i.
286 2533 311 2566 t.
338 2531 371 2565 d.
397 2531 431 2565 b.
460 2531 566 2574 Gna„
605 2531 752 2575 qualem
778 2534 802 2566 t.
831 2531 864 2566 d.
891 2531 1026 2566 bonam
1056 2532 1144 2574 PR,
1183 2531 1291 2575 quale
1317 2533 1342 2565 t.
1370 2531 1404 2566 d.
1432 2531 1568 2565 bonum
1592 2531 1631 2565 V.

177 2596 196 2625 6
223 2591 359 2625 anthat:
388 2590 449 2633 ῙΙῙ7
488 2590 646 2624 antehac
675 2590 747 2631 Pr,
779 2592 863 2625 ante
889 2590 956 2625 has
984 2590 1024 2625 V.
1092 2590 1257 2634 reliquae
1293 2590 1331 2625 V.
1421 2594 1439 2624 7
1467 2590 1564 2624 hunc
1593 2590 1628 2623 P
1652 2593 1725 2624 test.

176 2650 296 2694 Berq„
323 2649 394 2684 huc
420 2649 511 2683 idem
537 2659 643 2683 asser.
665 2648 800 2693 Bony„
827 2660 916 2685 corr.
943 2661 977 2693 p.
1052 2661 1082 2684 v.
1105 2653 1123 2683 7
1152 2660 1216 2684 om.
1242 2649 1280 2683 V.

271 2708 320 2751 ΙΙ,
349 2713 363 2741 1
393 2719 459 2742 om.
482 2708 521 2742 V.
615 2712 633 2741 3
662 2709 839 2751 cogerunt
863 2708 1071 2749 arn.W1·ss.‚·
1118 2708 1289 2753 ingerunt
1314 2707 1434 2742 Bentl.
1531 2711 1550 2740 4
1578 2706 1724 2750 quidem

179 2766 272 2809 PR,
298 2777 372 2801 non
388 2767 428 2801 V.
477 2766 619 2801 miserti
636 2766 679 2809 P,
707 2767 747 2800 in
771 2777 840 2811 quo
860 2767 1002 2801 videtur
1020 2767 1126 2810 prius
1145 2767 1256 2809 fuisse
1282 2765 1453 2807 miseriti3
1479 2764 1666 2799 miseriam
1686 2765 1725 2799 V.

178 2830 197 2859 5
223 2826 374 2867 fortasse
406 2837 488 2860 cum
526 2824 693 2859 laesisset
732 2824 933 2864 nemineum
977 2837 1035 2869 ap.
1069 2836 1128 2859 (ιη.
1153 2825 1258 2859 U'iss.
1292 2827 1323 2858 et
1349 2824 1450 2858 Rom.
1490 2827 1539 2857 est
1577 2824 1726 2867 quidam

177 2884 362 2918 dixerunt:
389 2883 529 2928 parcite
549 2883 734 2917 innocenti
755 2883 816 2927 qui
837 2883 1021 2918 neminem
1041 2883 1158 2918 laesit.
1229 2887 1248 2916 6
1275 2881 1415 2928 pariem
1442 2881 1663 2917 sustinentes
1687 2883 1724 2917 V.

178 2946 198 2976 8
224 2944 310 2987 post
333 2942 443 2976 tridie
472 2942 514 2976 P.
