2028 3310
282 674 939 728 COMMENTARIVS
984 674 1078 726 IN
1123 674 1606 728 PHAEDRVM.

877 803 928 850 L.
969 803 1010 851 S.

285 908 431 949 Etiam
473 908 571 950 huic
615 908 744 962 libro,
793 911 841 949 ut
885 921 1019 962 nuper
1058 907 1113 960 ei,
1158 922 1240 961 quo
1279 907 1435 948 Lucilii
1479 911 1720 949 saturarum

167 979 374 1033 reliquiae
424 981 523 1019 sunt
561 993 805 1032 expressae,
855 977 1016 1032 placuit
1061 976 1159 1017 addi
1198 979 1550 1019 commentarium
1596 993 1722 1032 quen-

167 1049 282 1102 dam,
316 1048 390 1091 sed
422 1052 593 1090 tenuem
626 1048 854 1090 admodum
894 1051 936 1089 et
968 1047 1224 1102 simplicem,
1264 1062 1347 1102 quo
1380 1049 1501 1102 siqua
1535 1049 1579 1089 in
1612 1063 1721 1089 mar-

168 1120 267 1174 gine
300 1119 555 1174 exemplaris
593 1119 730 1161 nostri
763 1121 886 1160 erant
917 1121 1066 1160 notata
1101 1133 1208 1173 quae
1240 1119 1448 1160 memoria
1478 1118 1723 1160 viderentur

168 1204 259 1230 esse
292 1189 421 1244 digna
455 1190 702 1232 summatim
734 1189 1022 1231 redderentur.
1085 1192 1230 1230 monet
1263 1189 1439 1243 quippe,
1475 1192 1525 1230 ut
1557 1189 1720 1230 studea-

168 1275 262 1301 mus
294 1260 520 1314 brevitati,
558 1264 730 1315 praeter
767 1261 957 1302 rationes
999 1259 1196 1301 editionis
1234 1259 1380 1312 huius,
1424 1259 1577 1313 quibus
1609 1263 1720 1300 veta-

168 1344 262 1370 mur
300 1330 534 1372 Burmanni
580 1334 622 1372 ct
664 1330 878 1373 Schwabii
924 1330 1108 1384 spoliare
1154 1330 1416 1382 adversaria,
1462 1333 1503 1371 et
1545 1330 1720 1371 insitum

168 1400 310 1441 animo
343 1415 504 1442 morem
537 1401 803 1456 Phaedrique
827 1401 962 1455 ipsius
984 1400 1225 1454 exemplum
1247 1400 1421 1441 affectus
1453 1400 1617 1454 pridem
1651 1401 1721 1441 sed

168 1471 213 1510 in
245 1470 384 1512 medio
418 1485 546 1525 opere
578 1471 808 1513 destitutus
841 1471 1022 1513 Nonius.

830 1671 983 1713 Liber
1024 1671 1055 1713 I.

286 1753 417 1795 Inscr.
449 1753 631 1795 Phaedri
652 1754 849 1819 [Auygtstc'
875 1754 1045 1808 libet-{ik
1079 1755 1149 1795 vix
1171 1754 1294 1796 credo
1322 1754 1462 1808 ipsum
1483 1753 1724 1795 Phaedrum

168 1823 213 1864 in
245 1823 522 1877 inscriptione
556 1824 698 1878 operis
719 1839 978 1866 memorasse
1000 1824 1292 1865 condicionem
1314 1823 1573 1876 libertinam,
1607 1825 1724 1866 cuius

93 1904 105 1914 ‘
167 1893 230 1935 rei
263 1893 525 1935 mentionem
557 1894 707 1936 obesse
740 1895 879 1950 magis
913 1910 1041 1950 quam
1074 1894 1275 1949 prodesse
1309 1894 1509 1949 scriptori
1530 1894 1724 1937 Romano

168 1963 342 2005 Horatii
381 1965 577 2019 exemplo
616 1965 757 2007 doceri
798 1968 979 2020 poterat.
1066 1965 1211 2020 itaque
1257 1964 1455 2006 existimo
1500 1965 1578 2006 illa
1614 1966 1668 2006 A.
1701 1967 1724 2007 l.

170 2035 336 2076 adiecta
370 2050 394 2076 a
427 2037 711 2089 grammatico
745 2036 889 2091 aliquo
923 2037 990 2078 vel
1022 2036 1219 2089 librario,
1263 2036 1334 2090 qui
1367 2037 1442 2077 aut
1479 2050 1527 2076 ex
1566 2036 1724 2077 fabulis

171 2120 279 2159 quae
311 2105 529 2159 perierunt
561 2110 635 2148 aut
668 2106 838 2148 aliunde
872 2107 961 2147 eius
993 2107 1054 2147 rei
1086 2106 1290 2147 traxisset
1321 2105 1536 2147 notitiam.

284 2176 521 2228 fabularum
556 2178 851 2231 Aesopiarum;
891 2177 997 2218 illud
1030 2178 1300 2230 Aesopiarum
1341 2177 1385 2217 in
1418 2191 1501 2217 una
1534 2177 1723 2218 additum

170 2245 320 2287 charta
350 2246 561 2301 Danielis3
596 2262 643 2289 ac
675 2250 819 2289 tamen
852 2247 1066 2302 depellere
1098 2247 1191 2290 loco
1224 2247 1362 2300 nolui,
1401 2247 1603 2301 quoniam
1635 2248 1725 2301 ipse

170 2315 388 2357 Phaedrus
419 2316 464 2357 in
495 2317 677 2372 prologo
710 2317 811 2359 libri
843 2317 905 2358 IV
936 2317 1108 2359 fabulas
1142 2332 1240 2359 suos
1276 2317 1470 2359 nominat
1502 2317 1724 2371 Aesopias.

288 2387 584 2440 Aesopiamm
623 2390 671 2429 ut
703 2390 872 2430 constat
905 2389 1109 2430 maiorem
1140 2388 1325 2430 Phaedri
1358 2388 1601 2430 fabularum
1633 2404 1725 2442 par-

170 2460 257 2498 tem
291 2471 340 2498 ex
373 2456 533 2512 Aesopi
568 2472 675 2512 quae
706 2458 954 2500 ferebantur
992 2474 1084 2501 esse
1121 2459 1292 2501 ductam
1324 2459 1501 2511 fabulis,
1542 2459 1603 2500 ita
1642 2474 1725 2500 cer-

170 2531 262 2569 tum
295 2531 361 2570 est
393 2528 517 2569 illum
550 2543 672 2570 usum
706 2532 749 2570 et
779 2529 970 2583 pleniore
1007 2544 1135 2584 quam
1168 2544 1250 2584 quo
1283 2543 1360 2570 nos
1393 2529 1553 2570 utimur
1586 2543 1723 2570 exem-

171 2598 285 2652 plari
316 2599 478 2653 Aesopi
511 2601 554 2640 et
584 2598 663 2640 tali
697 2599 740 2640 in
768 2614 850 2654 quo
881 2600 1061 2642 subinde
1093 2615 1160 2642 res
1194 2600 1321 2641 aliter
1353 2603 1496 2641 essent
1527 2602 1726 2641 narratae

172 2671 299 2723 atque
331 2668 374 2709 in
408 2668 467 2710 eis
502 2683 609 2723 quae
643 2670 790 2710 extant
819 2669 862 2710 in
895 2669 1097 2725 syllogis‚
1136 2684 1394 2724 quamquam
1428 2669 1513 2710 alia
1545 2669 1597 2710 ab
1631 2669 1723 2723 ipso

171 2740 400 2781 immutata
421 2741 486 2780 est
506 2738 743 2793 probabile.
785 2743 1007 2793 praeterea
1027 2740 1131 2781 illud
1152 2740 1299 2793 utique
1321 2739 1374 2780 ab
1388 2739 1533 2780 Attico
1553 2739 1724 2780 homine

174 2809 190 2865 (
193 2813 235 2851 et
256 2810 412 2851 scimus
429 2809 715 2850 Athenienses
737 2809 1075 2852 studiosissimos
1097 2810 1227 2851 fuisse
1248 2808 1428 2864 Aesopi)
1448 2809 1532 2850 fuit
1552 2809 1724 2863 editum,

173 2881 245 2935 qui
271 2881 323 2921 ad
347 2880 538 2922 Athenas
572 2883 735 2921 amaret
767 2880 925 2922 referre
958 2896 1065 2936 quae
1097 2881 1147 2921 de
1174 2880 1345 2934 Aesopo
1378 2882 1520 2921 essent
1552 2880 1725 2921 tradita.

174 2951 303 2992 etiam
328 2950 433 2992 alias
449 2950 719 2992 Athenarum
745 2951 877 3004 probe
905 2965 1066 2992 memor
1085 2950 1169 2992 fuit
1189 2950 1419 2991 Phaedrus.
1462 2951 1723 3005 reliquarum

1396 3018 1443 3052 7*
