2028 3310
303 190 328 229 8
801 187 1016 222 PHAEDRI
1040 186 1341 221 FABVLARVM

514 296 777 349 Crurumque
809 295 989 336 nimiam
1020 293 1275 335 tenuitatem
1307 294 1535 347 vituperat,

513 366 759 429 Venantum
791 365 932 407 subito
966 365 1141 406 vocibus
1174 364 1430 406 conterritus

514 438 596 478 Per
628 451 824 493 campum
855 436 1004 490 fugere
1037 435 1177 489 coepit
1209 438 1252 476 et
1285 449 1408 476 cursu
1439 435 1524 476 levi

514 506 651 549 Canes
685 507 826 548 elusit.
889 506 1009 549 Silva
1039 509 1132 548 tum
1165 506 1333 560 excepit
1363 506 1514 560 ferum,

513 577 563 618 In
596 592 680 632 qua
709 577 890 619 retentis
921 576 1152 631 impeditus
1185 577 1384 618 cornibus
1813 586 1856 617 10

513 647 712 689 Lacerari
744 647 886 702 coepit
917 647 1129 688 morsibus
1162 647 1300 688 saevis
1334 661 1498 688 canum.

513 718 631 758 Tunc
663 717 848 771 moriens
881 717 991 759 hanc
1022 717 1190 758 dedisse
1222 732 1367 759 vocem
1401 717 1579 758 dicitur:

517 788 551 829 O
586 802 652 828 me
685 787 918 829 infelicem!
958 787 1030 842 qui
1062 802 1174 828 nunc
1205 787 1376 828 demum
1407 786 1628 840 intellego,

514 853 665 900 Utilia'
685 858 792 899 mihi
825 872 951 912 quam
982 858 1159 911 fuerint,
1192 873 1299 913 quae
1331 858 1622 912 despexeram‚

515 930 592 983 Et,
624 944 730 984 qnae
762 929 999 982 laudaram,
1033 931 1240 983 quantum
1272 929 1413 970 luctus
1445 927 1688 970 habuerint.
1816 938 1857 968 15

1022 1068 1139 1110 XIII.

789 1139 1006 1183 [VVLPIS
1032 1141 1102 1172 ET
1129 1139 1377 1184 CORVVS]

587 1212 669 1261 Qui
702 1226 745 1253 se
778 1211 942 1253 laudari
975 1211 1132 1265 gaudet
1165 1211 1305 1252 verbis
1338 1211 1545 1265 subdolis,

517 1283 620 1324 Sera
652 1282 725 1323 dat
756 1296 916 1336 poenas
950 1281 1089 1335 turpis
1122 1281 1402 1335 paenitentia.

605 1351 711 1394 Cum
743 1352 794 1393 de
826 1352 1018 1393 fenestra
1050 1367 1202 1393 corvus
1235 1355 1408 1406 raptum
1441 1367 1609 1395 caseum

516 1423 716 1466 Comesse
748 1423 897 1477 vellet,
930 1423 1045 1464 celsa
1075 1423 1267 1464 residens
1300 1424 1465 1478 arbore,

516 1495 682 1548 Vulpes
714 1494 826 1535 1111110
859 1494 986 1546 vidit,
1019 1493 1171 1535 deinde
1204 1494 1264 1535 sic
1297 1495 1438 1549 coepit
1471 1495 1606 1549 loqui:
1840 1505 1860 1536 5

517 1567 551 1608 O
586 1565 659 1620 qui
690 1567 877 1618 tuarum,
911 1579 1054 1618 corve,
1086 1565 1360 1619 pinnarumst
1389 1566 1523 1607 nitor!

517 1636 735 1686 Quantum
767 1635 932 1678 decoris
965 1650 1140 1690 corpore
1174 1638 1216 1677 et
1248 1636 1369 1678 vultu
1403 1638 1536 1692 geris!

518 1706 563 1748 Si
596 1720 744 1748 vocem
775 1706 974 1760 haberes,
1005 1706 1126 1748 nulla
1157 1706 1273 1760 prior
1306 1707 1394 1748 ales
1426 1707 1551 1749 foret.

518 1777 574 1818 At
606 1778 698 1831 ille,
731 1778 830 1818 dum
862 1778 956 1819 vult
988 1778 1118 1819 etiam
1152 1791 1299 1819 vocem
1332 1779 1567 1833 ostendere,

517 1847 677 1888 Emisit
709 1862 782 1889 ore
815 1862 1004 1901 caseum,
1036 1862 1162 1903 quem
1195 1847 1389 1889 celeriter
1817 1861 1861 1892 10

518 1918 681 1960 Dolosa
713 1918 863 1972 vulpes
897 1918 1032 1960 avidis
1065 1919 1210 1973 rapuit
1242 1919 1454 1961 dentibus.

306 2039 324 2069 7
352 2036 526 2069 venatum
552 2035 600 2068 D.
684 2039 704 2069 9
730 2035 814 2078 fort.
841 2035 932 2070 lusit
956 2034 1129 2070 Molosos.
1214 2039 1254 2069 12
1281 2035 1368 2070 tunc
1398 2036 1443 2077 P,
1470 2038 1548 2070 tum
1576 2037 1622 2071 D.
1679 2037 1775 2072 hanc
1801 2037 1861 2072 de-

305 2093 401 2128 disse
428 2103 556 2128 vocem
584 2093 646 2133 M,
678 2092 822 2128 dedisse
848 2105 978 2129 vocem
1004 2094 1099 2129 hanc
1126 2094 1182 2135 1),
1215 2104 1344 2128 vocem
1369 2092 1464 2128 hane
1491 2094 1649 2131 edidisse
1679 2095 1766 2130 PR.

309 2156 348 2187 13
375 2152 554 2197 intellego
587 2152 703 2186 PRD.
787 2157 829 2186 14
854 2154 896 2187 ut
926 2152 994 2187 illa
1024 2152 1117 2187 mihi
1150 2164 1260 2196 quam
1291 2152 1497 2196 profuerint
1525 2154 1612 2196 1’11',
1649 2155 1710 2190 secl
1735 2156 1775 2190 in
1799 2156 1864 2191 hoc

305 2223 348 2246 m.
377 2216 396 2246 2
423 2212 489 2246 del.
517 2222 643 2255 quam;
670 2222 742 2255 qua
766 2213 846 2246 tum
873 2213 958 2255 (sive
983 2215 1024 2246 ut
1049 2215 1123 2246 test.
1152 2211 1236 2256 Riy.
1265 2214 1458 2257 quantum)
1484 2225 1528 2247 m.
1556 2218 1576 2248 2
1600 2213 1643 2248 P.

401 2269 485 2304 XIII
512 2271 618 2303 inser.
645 2269 766 2314 vulpis
793 2270 840 2304 ad
866 2281 1017 2305 corvum
1044 2271 1090 2304 1).
1175 2275 1190 2304 1
1221 2282 1316 2314 quae
1344 2292 1384 2295 —
1412 2272 1578 2316 gaudent
1603 2273 1650 2307 J).
1700 2273 1865 2318 gaudent

306 2329 421 2371 Rom,
448 2339 506 2362 an.
523 2328 614 2371 Nil„
639 2329 778 2374 gaudet
803 2341 861 2364 an.
885 2329 992 2363 Hv'iss.
1068 2334 1087 2363 ⁶2
1116 2331 1167 2364 ita
1198 2331 1374 2374 scriptum
1405 2331 1501 2366 hunc
1528 2343 1556 2366 ι’.
1584 2332 1623 2365 in
1650 2332 1688 2366 1)
1713 2336 1864 2368 testatur

308 2387 409 2431 Isia,
444 2391 586 2431 accepto
611 2389 706 2432 quod
726 2389 834 2431 ponit
860 2388 950 2422 dant
981 2392 1012 2423 et
1043 2388 1201 2433 turpcis;
1246 2390 1306 2423 sed
1338 2390 1469 2433 Iem'tnr
1497 2391 1535 2424 in
1567 2401 1605 2426 eo
1640 2402 1742 2426 serae
1774 2392 1865 2427 dant

306 2457 444 2491 poenas
469 2446 569 2491 turpi
594 2446 842 2492 paenitentia3
887 2448 926 2481 in
956 2447 1031 2481 PR
1057 2451 1105 2482 est
1131 2447 1207 2482 scre
1239 2448 1303 2483 dat
1334 2461 1367 2493 p.
1395 2449 1496 2494 turpi
1522 2461 1602 2494 pen.
1697 2456 1716 2483 ὃ
1743 2451 1864 2497 vulpis

310 2505 390 2546 PR,
419 2505 547 2550 vulpes
573 2507 614 2541 ut
639 2506 676 2540 D
700 2507 853 2549 fortasse
880 2511 987 2547 recte;
1014 2506 1136 2551 vulpis
1163 2508 1204 2541 ut
1228 2507 1318 2542 hacc
1346 2507 1441 2542 vidit
1466 2508 1580 2551 Rom,
1618 2509 1739 2554 vulpis
1766 2510 1863 2546 hunc

307 2566 347 2598 nt
373 2562 468 2598 vidit
492 2575 552 2599 cm.
571 2565 676 2601 lViss.
703 2569 743 2599 ut
768 2566 839 2600 vicl.
892 2564 1023 2600 deinde
1045 2566 1083 2600 D
1109 2569 1182 2602 test.
1207 2567 1345 2609 Mend„
1372 2567 1504 2602 dehine
1527 2567 1604 2602 PR
1667 2573 1686 2602 6
1712 2569 1794 2613 quis
1815 2569 1862 2605 1).

307 2635 510 2669 pennarum
539 2624 626 2658 PR.
715 2628 733 2659 7
760 2625 930 2660 decorem
958 2624 1004 2658 1).
1098 2629 1117 2658 9
1146 2625 1198 2659 ita
1225 2625 1512 2665 Lallemantae'us:
1550 2628 1589 2661 at
1616 2627 1636 2661 i.
1664 2626 1698 2661 d.
1726 2638 1756 2662 e.
1784 2639 1861 2663 voc.

307 2695 338 2715 v.
366 2693 396 2718 0.
425 2683 543 2718 Bentl.
571 2687 601 2717 et
627 2684 680 2718 sic
705 2695 748 2718 m.
778 2684 908 2718 recenti
941 2683 1162 2718 emendatam
1198 2685 1236 2718 in
1270 2687 1431 2731 maryine
1458 2686 1514 2727 ])‚·
1557 2697 1588 2720 a.
1616 2685 1638 2720 i.
1666 2686 1699 2721 d.
1727 2698 1758 2722 e.
1784 2687 1866 2723 vult

306 2755 337 2776 v.
367 2755 398 2777 0.
429 2743 464 2776 D
483 2755 527 2777 m.
551 2747 586 2786 13
614 2745 652 2778 at
677 2742 699 2777 i.
728 2743 864 2778 stultus
885 2742 919 2778 d.
940 2755 972 2777 v.
993 2753 1071 2777 voc.
1095 2743 1286 2778 ostendere
1311 2745 1397 2779 1’11’.
1475 2749 1516 2779 10
1543 2744 1713 2780 latiorem
1740 2745 1865 2781 emisit

308 2801 356 2842 Ι),
381 2803 442 2836 scd
466 2802 506 2836 in
532 2812 618 2846 mrgJ.
647 2802 722 2837 ead.
752 2803 815 2836 illa
842 2813 886 2836 m.
912 2813 979 2836 rec.
1007 2802 1121 2836 adscr.
1150 2803 1198 2836 ad
1224 2802 1411 2838 latiorem:
1445 2805 1569 2845 vacat3
1615 2816 1673 2839 an.
1695 2804 1772 2839 Nil.
1799 2804 1862 2840 ille

308 2859 394 2894 dum
421 2861 501 2895 vult
526 2861 717 2896 ostendere
743 2871 871 2896 vocem
899 2859 1085 2901 latiorem;
1112 2872 1170 2895 an.
1196 2861 1299 2896 mss.
1325 2864 1366 2897 at
1385 2861 1446 2897 ille
1467 2862 1554 2896 dum
1575 2862 1721 2907 plaeere
1741 2863 1865 2911 coepit

308 2919 382 2964 (leg).
411 2919 527 2964 eupit)
554 2921 591 2954 et
616 2930 744 2955 vocem
770 2930 874 2953 suam
900 2918 1103 2953 ostendere.
1182 2923 1219 2953 11
1250 2919 1370 2967 vulpis
1399 2920 1474 2954 PR
1487 2921 1530 2956 1).
