2028 3310
818 203 1072 238 APPENDIX.
1134 247 1148 261 ο
1666 204 1721 244 69

907 311 983 353 III.

465 381 809 425 {MERcvssrvs
834 383 905 415 ΕΤ
931 383 1084 415 DVAE
1109 383 1426 427 Mvnmmzzs]

671 451 742 496 [De
769 451 899 486 eodem
926 451 1001 485 alia
1026 452 1192 497 fabella]

450 522 706 563 Mercurium
737 521 929 576 hospitio
962 523 1162 564 mulieres
1196 524 1300 565 olim
1332 524 1439 566 duae

378 593 602 635 Inliberali
634 595 678 634 et
709 592 880 634 sordido
913 596 1180 646 receperant:

379 664 569 712 Quarum
600 678 685 704 una
715 664 759 704 in
791 663 908 704 cunis
941 678 1120 717 parvum
1154 664 1343 706 habebat
1374 665 1524 719 filium,

379 734 590 783 Quaestus
623 733 820 788 placebat
854 734 980 775 alteri
1013 735 1289 776 meretricius.

377 804 472 859 Ego
506 808 553 846 ut
585 804 765 846 referret
796 805 983 858 gratiam
1016 804 1168 846 officiis
1200 820 1360 859 parem,
1699 816 1719 847 5

379 876 589 917 Abiturus
622 878 665 916 et
697 875 782 916 iam
816 875 947 917 limen
980 875 1184 917 excedens
1217 875 1297 916 ait:

377 945 515 987 Deum
547 945 721 999 videtis3
754 945 941 986 tribuam
973 946 1094 987 vobis
1126 947 1336 1000 protinus,

376 1017 495 1066 Quod
524 1031 713 1071 quaeque
741 1016 916 1070 optarit.
967 1015 1109 1058 Mater
1135 1018 1387 1072 suppliciter
1413 1022 1551 1073 rogat,

375 1087 610 1128 Barbatum
642 1089 688 1127 ut
718 1086 863 1127 videat
892 1089 1044 1128 natum
1076 1101 1202 1141 quam
1233 1088 1419 1142 primum
1453 1104 1591 1144 suum3

373 1157 570 1209 Moecha,
602 1159 651 1198 ut
682 1159 887 1212 sequatur
920 1171 1013 1199 sese
1047 1158 1246 1213 quicquid
1279 1160 1486 1214 tetigerit.
1675 1173 1716 1203 10

375 1229 506 1270 Volat
535 1227 788 1281 Mercurius,
820 1227 934 1269 intro
966 1228 1147 1270 redeunt
1178 1229 1391 1271 mulieres.

324 1300 327 1302 ’
374 1298 587 1340 Barbatus
619 1298 760 1340 infans
794 1313 887 1340 ecce
920 1299 1092 1353 vagitus
1126 1300 1220 1341 ciet.

371 1369 419 1411 Id
452 1385 547 1411 cum
578 1370 738 1411 rideret
768 1369 881 1411 forte
913 1371 1118 1412 meretrix
1148 1372 1344 1425 validius,

370 1439 507 1481 Nares
538 1440 722 1494 replevit
754 1440 919 1494 humor,
950 1443 999 1482 ut
1030 1441 1123 1482 fieri
1155 1442 1280 1483 solet.

370 1511 619 1566 Emungere
651 1511 786 1566 igitur
818 1525 864 1552 se
894 1511 1042 1553 volens
1075 1513 1246 1567 prendit
1278 1528 1407 1555 manu
1672 1527 1713 1558 15

373 1581 608 1636 Traxitque
640 1582 692 1623 ad
723 1584 885 1623 terram
916 1583 1011 1624 nasi
1043 1583 1370 1637 longitudinem.

441 1651 512 1694 Sic
543 1652 672 1694 aliam
705 1653 848 1694 ridens
880 1653 977 1708 ipsa
1007 1653 1182 1695 ridenda
1214 1654 1372 1696 extitit.

897 1794 971 1836 IV.

578 1863 975 1908 [PROME‘I'HEVS
1000 1866 1071 1898 ET
1097 1865 1304 1910 DOLVS.]

648 1935 721 1979 [De
746 1935 903 1969 veritate
929 1936 968 1969 et
991 1935 1215 1981 mendacio]

442 2007 556 2049 Olim
588 2006 867 2048 Prometheus
901 2007 1060 2049 saeculi
1094 2007 1248 2062 figulus
1281 2009 1380 2050 novi

370 2078 482 2120 Cura
514 2079 665 2121 subtili
696 2077 938 2119 Veritatem
971 2078 1145 2132 fecerat,

369 2149 429 2191 Vt
461 2150 555 2191 iura
585 2152 732 2204 posset
763 2150 876 2190 inter
907 2149 1102 2191 homines
1134 2150 1342 2191 reddere.—

368 2220 520 2263 Subito
553 2221 784 2262 accersitus
816 2220 968 2261 nuntio
1001 2221 1150 2275 magni
1181 2220 1296 2262 Iovis

369 2289 651 2351 Commendat
682 2290 899 2332 officinam
930 2290 1076 2332 fallaci
1109 2290 1232 2343 Dolo,
1689 2306 1708 2336 5

367 2361 417 2403 In
449 2362 719 2416 disciplinam
749 2376 884 2416 nuper
917 2376 1042 2416 quem
1073 2365 1302 2416 receperat.

367 2433 451 2474 Hic
483 2433 625 2475 studio
658 2447 877 2485 accensus,
909 2433 1018 2475 faeie
1051 2433 1328 2475 simulacrum
1360 2434 1465 2488 pari,

248 2585 315 2628 111,
343 2589 359 2619 1
389 2585 479 2620 olim
504 2585 587 2619 adel.
611 2584 799 2626 Cassittus,
824 2596 890 2620 om.
913 2585 953 2619 V.
1028 2589 1048 2619 2
1076 2585 1223 2620 sordido
1250 2585 1299 2625 N,
1326 2585 1475 2620 sordida
1495 2585 1533 2620 V.
1602 2590 1622 2620 5
1651 2597 1708 2620 re-

153 2644 267 2679 ferret
290 2644 340 2686 N,
366 2643 546 2689 preferret
571 2642 611 2676 V.
661 2653 789 2687 parem
818 2644 942 2686 Iann„
968 2655 1033 2678 om.
1059 2643 1098 2685 V,
1125 2655 1238 2688 par..
1265 2644 1312 2678 N.
1388 2648 1408 2679 8
1435 2656 1461 2678 s.
1492 2656 1517 2679 r.
1541 2645 1706 2686 Buthiws,

153 2714 180 2737 s.
206 2704 315 2748 regat
340 2702 381 2745 V,
408 2702 594 2747 supplicat
618 2713 658 2736 ro
674 2729 681 2736 .
697 2729 704 2735 .
721 2729 752 2736 ..
779 2702 827 2737 N.
906 2707 946 2737 12
974 2703 1048 2738 ciet
1072 2703 1122 2745 N,
1154 2704 1240 2745 erit,
1265 2704 1327 2737 secl
1351 2704 1391 2737 in
1417 2714 1528 2748 mary.
1556 2715 1599 2737 m.
1628 2705 1704 2738 ead.

153 2762 227 2796 ciet
253 2761 293 2797 V.
390 2766 432 2796 13
458 2763 512 2796 ita
541 2761 605 2801 M;
643 2761 665 2795 i.
693 2773 722 2795 c.
749 2761 773 2796 f.
800 2761 934 2796 metrix
966 2752 1154 2807 (meretriix
1180 2762 1239 2800 N)
1273 2761 1369 2796 ridet
1399 2761 1548 2804 (rideret
1577 2763 1704 2797 Iann.)

153 2820 312 2855 validius
341 2820 380 2856 V.
458 2824 499 2855 17
528 2820 588 2854 Sic
617 2820 673 2861 ΣΠ,
698 2822 737 2854 et
763 2820 802 2855 V.
853 2821 964 2855 aliam
991 2822 1158 2862 Bothius,
1183 2821 1299 2855 alium
1328 2820 1366 2853 V.

247 2878 310 2922 IV,
340 2884 354 2913 1
383 2879 498 2914 seculi
526 2879 564 2911 V.
614 2878 634 2912 f
666 2891 700 2912 n.
730 2879 859 2923 lana,
891 2891 924 2913 n.
953 2880 974 2914 f.
1005 2880 1044 2913 V.
1118 2883 1138 2914 2
1167 2890 1253 2914 cura
1285 2879 1322 2918 V,
1348 2881 1449 2914 creta
1475 2879 1523 2914 N.
1597 2883 1618 2915 4
1644 2891 1702 2921 ac-

153 2937 306 2975 cersitus
332 2937 381 2981 N,
407 2939 584 2974 acersitus
614 2937 652 2974 V.
