2028 3310
772 197 915 232 LIBER
942 197 1002 234 IV.
1028 196 1070 231 V.
1645 195 1697 235 ssl

362 305 511 347 Tacite
544 308 763 359 gementes
795 305 965 346 tristem
997 305 1194 346 fortunae
1227 305 1375 345 vicem.

363 376 476 424 Quin
508 375 639 417 etiam
671 375 830 417 resides
864 377 906 416 et
939 378 1164 428 sequentes
1198 375 1346 427 otium,

362 446 418 487 Ni
451 445 636 487 defuisse
667 447 837 498 noceat,
869 448 1025 498 repunt
1057 444 1217 499 ultimi3

364 516 411 557 In
444 517 538 570 quis
571 515 821 569 Menander,
853 514 1010 556 nobilis
1045 515 1288 569 comoediis,

363 587 477 636 Quas
510 586 650 640 ipsum
682 585 885 640 ignorans
918 585 1082 640 legerat
1114 584 1359 626 Demetrius
1666 596 1707 625 10

362 656 421 698 Et
453 656 688 697 admiratus
720 655 861 696 fuerat
893 655 1112 710 ingenium
1144 655 1237 709 viri,

362 727 592 782 Vnguento
626 726 861 780 delibutus,
893 726 1052 767 vestitu
1085 726 1230 779 fluens,

364 796 576 839 Veniebat
608 810 758 852 gressu
790 796 972 838 delicato
1007 799 1049 837 et
1081 796 1295 851 languido.

364 868 487 910 Hunc
520 868 592 910 ubi
623 871 834 922 tyrannus
867 866 974 907 vidit
1007 869 1197 908 extremo
1231 867 1420 921 agmine:

365 938 568 988 Quisnam
601 938 798 980 cinaedus
831 938 904 978 ille
936 937 981 978 in
1013 940 1286 991 conspectum
1319 953 1459 980 meum
1665 949 1707 978 15

363 1009 505 1051 Audet
537 1008 710 1050 venire?
742 1007 1073 1062 Responderunt
1104 1008 1307 1062 proximi:

362 1079 444 1120 Hic
476 1082 541 1121 est
572 1078 805 1120 Menander
836 1078 1033 1132 scriptor.
1095 1078 1288 1120 Mutatus
1321 1080 1489 1121 statim:

362 1149 522 1204 Homo,
554 1150 713 1204 inquit,
745 1149 838 1190 fieri
870 1164 955 1190 11011
987 1152 1132 1203 potest
1164 1149 1407 1191 formosior.

899 1290 952 1332 II.

567 1360 695 1403 {Dvo
721 1362 952 1394 mnu-Es
978 1362 1048 1394 ET
1075 1362 1287 1407 LATRO.1

435 1432 529 1473 Duo
563 1446 658 1473 cum
690 1432 941 1473 incidissent
971 1432 1016 1473 in
1048 1433 1259 1474 latronem
1293 1434 1467 1486 milites,

363 1502 484 1544 Vnus
516 1501 728 1556 profugit,
761 1502 870 1543 alter
902 1505 1044 1544 autem
1076 1503 1239 1545 restitit

362 1573 421 1615 Et
452 1573 685 1614 vindicavit
718 1587 810 1614 sese
842 1573 945 1614 forti
978 1573 1164 1615 dextera.

362 1644 549 1686 Latrone
581 1644 722 1686 occiso
754 1643 930 1685 timidus
964 1645 1147 1685 accurrit
1180 1659 1320 1687 comes

365 1714 633 1769 Stringitque
666 1714 874 1769 gladium,
906 1714 1003 1756 dein
1034 1714 1193 1757 reiecta
1224 1716 1425 1770 paenula:
1689 1729 1708 1758 5

365 1784 497 1839 Cedo,
529 1785 686 1840 inquit,
718 1785 858 1840 illum3
892 1786 978 1826 iam
1011 1786 1167 1827 curabo
1201 1786 1371 1840 sentiat,

365 1856 480 1906 Quos
513 1855 804 1910 adtemptarit.
867 1855 988 1897 Tunc
1020 1856 1091 1910 qui
1123 1856 1460 1911 depugnaverat:

364 1926 533 1969 Vellem
566 1926 662 1967 istis
695 1926 833 1967 verbis
867 1926 1022 1968 saltem
1054 1926 1288 1968 adiuvisses
1321 1927 1466 1980 modo3

365 1996 644 2039 Constantior
675 1996 851 2038 fuissem
883 2011 984 2038 vera
1016 1997 1278 2039 existimans.

365 2067 489 2109 Nunc
515 2067 645 2109 conde
671 2067 831 2108 ferrum
859 2070 901 2109 et
927 2067 1116 2122 linguam
1144 2068 1307 2122 pariter
1332 2068 1514 2123 futilem,
1666 2081 1708 2110 10

365 2138 425 2180 Vt
456 2139 596 2193 possis
630 2138 738 2179 alios
770 2138 1017 2192 ignorantes
1050 2138 1212 2180 fallere.

365 2209 460 2264 Ego
488 2209 560 2264 qui
587 2224 681 2250 sum
707 2211 918 2263 expertus,
943 2209 1113 2264 quantis
1145 2209 1286 2264 fugias
1319 2210 1493 2263 viribus,

366 2280 475 2334 Seio,
507 2295 635 2334 quam
666 2280 819 2321 virtuti
851 2294 937 2321 non
970 2280 1027 2321 sit
1059 2279 1313 2322 credendum
1345 2283 1457 2322 tuae.

153 2401 173 2432 6
200 2396 305 2431 taciti
333 2397 374 2431 V.
460 2399 480 2431 8
507 2396 545 2430 ni
570 2395 606 2429 R
644 2400 675 2431 et
701 2396 881 2441 Bonyars.
915 2399 988 2431 test.
1014 2396 1057 2439 P,
1092 2396 1145 2431 nil
1175 2396 1210 2430 P
1239 2407 1346 2431 asser.
1375 2397 1501 2441 Bery„
1539 2408 1584 2431 ne
1620 2396 1658 2432 1'.

153 2457 287 2501 repunt
301 2455 342 2498 V,
368 2456 542 2500 repetunt
565 2455 673 2499 PRy.
745 2459 784 2489 11
814 2454 967 2489 miratus
989 2455 1096 2498 prius
1118 2455 1162 2488 P.
1234 2458 1274 2489 12
1299 2454 1476 2489 dilibutus
1501 2456 1543 2490 P.
1594 2455 1707 2490 fluens

154 2515 203 2558 N,
229 2514 361 2549 florens
372 2514 412 2556 V,
438 2513 577 2550 afluens
595 2515 638 2557 P,
666 2515 820 2549 affluens
834 2514 880 2548 R.
945 2518 986 2548 13
1013 2525 1140 2559 gresso
1158 2513 1266 2558 PBH.
1333 2518 1374 2548 15
1402 2513 1552 2548 cinedus
1581 2514 1707 2549 PRJ'.

153 2573 191 2607 in
217 2574 416 2618 conspectu
442 2584 524 2608 meo
555 2573 640 2616 PR,
667 2584 740 2607 non
766 2573 806 2608 V.
883 2577 922 2608 17
950 2575 1093 2608 mutato
1120 2574 1219 2608 statu
1248 2573 1287 2606 V.
1359 2576 1400 2606 18
1426 2583 1490 2607 om.
1521 2573 1608 2607 PR.

249 2632 282 2666 11
306 2632 415 2667 inser.
441 2632 579 2667 milites
605 2631 676 2666 duo
709 2633 746 2666 et
770 2632 866 2666 latro
891 2633 975 2667 add.
1001 2633 1112 2677 docti,
1145 2643 1211 2667 om.
1241 2631 1318 2665 PR
1328 2631 1367 2665 V.
1450 2636 1550 2666 1—2
1576 2633 1708 2667 absunt

155 2703 178 2726 a
207 2691 292 2726 PR.
367 2695 387 2725 3
414 2690 617 2725 vindicabit
646 2690 738 2733 PR,
763 2701 838 2725 mm
865 2691 904 2725 Γ.
955 2691 1083 2726 dextra
1110 2691 1150 2726 V.
1225 2695 1246 2725 4
1272 2690 1392 2725 exciso
1420 2690 1459 2724 V.
1529 2696 1548 2725 5
1576 2691 1706 2726 deinde

159 2749 234 2784 PR
244 2749 284 2793 V,
311 2761 402 2784 corr.
425 2762 462 2794 p.
513 2748 633 2784 eiecta
666 2748 706 2783 Γ.
755 2748 891 2793 penula
913 2749 946 2783 V
948 2750 982 2783 P
1006 2749 1061 2793 (de
1078 2749 1113 2783 R
1139 2759 1212 2784 non
1238 2752 1372 2792 const.).
1447 2753 1466 2782 5
1493 2749 1708 2784 adtemtarit

158 2809 276 2853 PR9‚
303 2808 505 2844 adtentarit
525 2808 559 2841 R
585 2811 659 2842 test.
682 2807 796 2850 Vino„
828 2819 928 2852 quem
954 2809 1111 2852 equidem
1138 2808 1224 2851 falli
1242 2808 1424 2849 e.rist2·nzo‚·
1450 2807 1650 2842 attentavit
1666 2808 1706 2843 Γ.

156 2872 176 2901 9
202 2878 268 2902 om.
285 2867 326 2903 V.
404 2872 445 2902 10
471 2867 578 2901 futile
608 2866 652 2909 P,
685 2877 750 2900 om.
777 2865 921 2901 futilem
950 2867 989 2901 V.
1062 2871 1099 2901 11
1136 2865 1349 2911 ignoranter
1371 2865 1410 2899 Γ.
1487 2870 1528 2900 12
1561 2878 1590 2900 0.
1618 2879 1651 2910 q.
1679 2880 1705 2903 s.

156 2937 187 2961 c.
214 2937 306 2970 quae
333 2926 406 2961 sint
430 2926 525 2961 vires
551 2928 637 2961 tuae
667 2925 707 2959 V.
793 2930 833 2959 13
860 2936 969 2969 quam
1000 2926 1039 2968 Γ,
1067 2925 1153 2969 quid
1185 2925 1270 2959 PR.
1320 2936 1392 2959 non
1418 2936 1482 2958 om.
1508 2925 1547 2960 1⁷.
