<?xml version="1.0" encoding="UTF-8"?>
<!DOCTYPE html PUBLIC "-//W3C//DTD XHTML 1.0 Transitional//EN"
    "http://www.w3.org/TR/xhtml1/DTD/xhtml1-transitional.dtd">
<html xmlns="http://www.w3.org/1999/xhtml" xml:lang="en" lang="en">
 <head>
  <title>
</title>
<meta http-equiv="Content-Type" content="text/html;charset=utf-8" />
  <meta name='ocr-system' content='tesseract 3.04.00' />
  <meta name='ocr-capabilities' content='ocr_page ocr_carea ocr_par ocr_line ocrx_word'/>
</head>
<body>
  <div class='ocr_page' id='page_1' title='image "./fabularumaesopia00phaeuoft_0035.png"; bbox 0 0 2028 3310; ppageno 0'>
   <div class='ocr_carea' id='block_1_1' title="bbox 503 216 1719 253">
    <p class='ocr_par' dir='ltr' id='par_1_1' title="bbox 503 216 1719 253">
     <span class='ocr_line' id='line_1_1' title="bbox 503 216 1719 253; baseline -0.003 0"><span class='ocrx_word' id='word_1_1' title='bbox 503 219 565 253; x_wconf 89' lang='lat' dir='ltr'>DE</span> <span class='ocrx_word' id='word_1_2' title='bbox 591 217 908 253; x_wconf 79' lang='lat' dir='ltr'>EMENDANDIS</span> <span class='ocrx_word' id='word_1_3' title='bbox 935 217 1145 252; x_wconf 82' lang='lat' dir='ltr'><strong>PHAEDRI</strong></span> <span class='ocrx_word' id='word_1_4' title='bbox 1172 216 1385 253; x_wconf 83' lang='lat' dir='ltr'><strong>FABVLIS.</strong></span> <span class='ocrx_word' id='word_1_5' title='bbox 1601 216 1719 250; x_wconf 79' lang='lat' dir='ltr'>XXXI</span> 
     </span>
    </p>
   </div>
   <div class='ocr_carea' id='block_1_2' title="bbox 386 323 1557 381">
    <p class='ocr_par' dir='ltr' id='par_1_2' title="bbox 386 323 1557 381">
     <span class='ocr_line' id='line_1_2' title="bbox 386 323 1557 381; baseline -0.003 -13"><span class='ocrx_word' id='word_1_6' title='bbox 386 327 497 368; x_wconf 85' lang='lat' dir='ltr'>Dum</span> <span class='ocrx_word' id='word_1_7' title='bbox 530 329 739 381; x_wconf 88' lang='lat' dir='ltr'>quaerunt</span> <span class='ocrx_word' id='word_1_8' title='bbox 772 326 932 379; x_wconf 87' lang='lat' dir='ltr'>lumen,</span> <span class='ocrx_word' id='word_1_9' title='bbox 965 326 1065 366; x_wconf 86' lang='lat' dir='ltr'>dum</span> <span class='ocrx_word' id='word_1_10' title='bbox 1097 327 1347 366; x_wconf 70' lang='lat' dir='ltr'>concursant</span> <span class='ocrx_word' id='word_1_11' title='bbox 1379 323 1557 377; x_wconf 85' lang='lat' dir='ltr'>familia,</span> 
     </span>
    </p>
   </div>
   <div class='ocr_carea' id='block_1_3' title="bbox 172 406 1721 815">
    <p class='ocr_par' dir='ltr' id='par_1_3' title="bbox 172 406 1721 815">
     <span class='ocr_line' id='line_1_3' title="bbox 172 406 1112 450; baseline -0.003 0"><span class='ocrx_word' id='word_1_12' title='bbox 172 409 246 450; x_wconf 90' lang='lat' dir='ltr'>ubi</span> <span class='ocrx_word' id='word_1_13' title='bbox 278 409 322 449; x_wconf 90' lang='lat' dir='ltr'>in</span> <span class='ocrx_word' id='word_1_14' title='bbox 353 408 571 450; x_wconf 83' lang='lat' dir='ltr'>Perottino</span> <span class='ocrx_word' id='word_1_15' title='bbox 603 408 714 449; x_wconf 90' lang='lat' dir='ltr'>libro</span> <span class='ocrx_word' id='word_1_16' title='bbox 747 411 812 448; x_wconf 90' lang='lat' dir='ltr'>est</span> <span class='ocrx_word' id='word_1_17' title='bbox 845 406 1112 448; x_wconf 75' lang='lat' dir='ltr'>‘c011em·sat’.</span> 
     </span>
     <span class='ocr_line' id='line_1_4' title="bbox 292 475 1721 534; baseline -0.003 -14"><span class='ocrx_word' id='word_1_18' title='bbox 292 480 484 534; x_wconf 90' lang='lat' dir='ltr'>Denique</span> <span class='ocrx_word' id='word_1_19' title='bbox 527 478 669 520; x_wconf 86' lang='lat' dir='ltr'>ultimi</span> <span class='ocrx_word' id='word_1_20' title='bbox 714 492 860 519; x_wconf 76' lang='lat' dir='ltr'>versus</span> <span class='ocrx_word' id='word_1_21' title='bbox 913 477 954 517; x_wconf 93' lang='lat' dir='ltr'>in</span> <span class='ocrx_word' id='word_1_22' title='bbox 1000 477 1250 531; x_wconf 72' lang='lat' dir='ltr'>anthologia</span> <span class='ocrx_word' id='word_1_23' title='bbox 1298 479 1445 518; x_wconf 85' lang='lat' dir='ltr'>nostra</span> <span class='ocrx_word' id='word_1_24' title='bbox 1493 475 1721 530; x_wconf 73' lang='lat' dir='ltr'>perscripti</span> 
     </span>
     <span class='ocr_line' id='line_1_5' title="bbox 173 551 380 591; baseline -0.014 -1"><span class='ocrx_word' id='word_1_25' title='bbox 173 553 271 591; x_wconf 86' lang='lat' dir='ltr'>sunt</span> <span class='ocrx_word' id='word_1_26' title='bbox 302 551 380 591; x_wconf 84' lang='lat' dir='ltr'>ita:</span> 
     </span>
     <span class='ocr_line' id='line_1_6' title="bbox 349 617 1243 673; baseline -0.003 -13"><span class='ocrx_word' id='word_1_27' title='bbox 349 619 462 673; x_wconf 89' lang='lat' dir='ltr'>Age,</span> <span class='ocrx_word' id='word_1_28' title='bbox 494 619 529 660; x_wconf 89' lang='lat' dir='ltr'>si</span> <span class='ocrx_word' id='word_1_29' title='bbox 562 632 644 673; x_wconf 88' lang='lat' dir='ltr'>quo</span> <span class='ocrx_word' id='word_1_30' title='bbox 678 617 796 659; x_wconf 89' lang='lat' dir='ltr'>abire</span> <span class='ocrx_word' id='word_1_31' title='bbox 830 617 911 671; x_wconf 91' lang='lat' dir='ltr'>vis,</span> <span class='ocrx_word' id='word_1_32' title='bbox 943 619 1008 658; x_wconf 86' lang='lat' dir='ltr'>est</span> <span class='ocrx_word' id='word_1_33' title='bbox 1039 617 1243 658; x_wconf 78' lang='lat' dir='ltr'>licentia?</span> 
     </span>
     <span class='ocr_line' id='line_1_7' title="bbox 348 686 1721 743; baseline -0.001 -12"><span class='ocrx_word' id='word_1_34' title='bbox 348 689 445 732; x_wconf 92' lang='lat' dir='ltr'>Non</span> <span class='ocrx_word' id='word_1_35' title='bbox 476 689 602 743; x_wconf 88' lang='lat' dir='ltr'>plane</span> <span class='ocrx_word' id='word_1_36' title='bbox 635 692 720 743; x_wconf 89' lang='lat' dir='ltr'>est,</span> <span class='ocrx_word' id='word_1_37' title='bbox 750 687 902 742; x_wconf 88' lang='lat' dir='ltr'>inquit.</span> <span class='ocrx_word' id='word_1_38' title='bbox 950 686 1107 729; x_wconf 87' lang='lat' dir='ltr'>Fruere</span> <span class='ocrx_word' id='word_1_39' title='bbox 1139 687 1225 741; x_wconf 84' lang='lat' dir='ltr'>his,</span> <span class='ocrx_word' id='word_1_40' title='bbox 1258 701 1364 742; x_wconf 87' lang='lat' dir='ltr'>quae</span> <span class='ocrx_word' id='word_1_41' title='bbox 1397 688 1562 742; x_wconf 78' lang='lat' dir='ltr'>laudas,</span> <span class='ocrx_word' id='word_1_42' title='bbox 1594 688 1721 729; x_wconf 82' lang='lat' dir='ltr'>canis.</span> 
     </span>
     <span class='ocr_line' id='line_1_8' title="bbox 348 757 1316 815; baseline -0.004 -13"><span class='ocrx_word' id='word_1_43' title='bbox 348 761 545 815; x_wconf 82' lang='lat' dir='ltr'>Regnare</span> <span class='ocrx_word' id='word_1_44' title='bbox 576 760 694 813; x_wconf 92' lang='lat' dir='ltr'>nolo,</span> <span class='ocrx_word' id='word_1_45' title='bbox 725 759 811 800; x_wconf 88' lang='lat' dir='ltr'>nisi</span> <span class='ocrx_word' id='word_1_46' title='bbox 843 759 1090 800; x_wconf 89' lang='lat' dir='ltr'>libertatem</span> <span class='ocrx_word' id='word_1_47' title='bbox 1122 757 1316 799; x_wconf 80' lang='lat' dir='ltr'><strong>habeam.</strong></span> 
     </span>
    </p>
   </div>
   <div class='ocr_carea' id='block_1_4' title="bbox 171 840 1722 1330">
    <p class='ocr_par' dir='ltr' id='par_1_4' title="bbox 171 840 1722 1108">
     <span class='ocr_line' id='line_1_9' title="bbox 290 840 1722 897; baseline -0.002 -13"><span class='ocrx_word' id='word_1_48' title='bbox 290 844 407 891; x_wconf 75' lang='lat' dir='ltr'>Quae</span> <span class='ocrx_word' id='word_1_49' title='bbox 440 846 646 897; x_wconf 88' lang='lat' dir='ltr'>quantum</span> <span class='ocrx_word' id='word_1_50' title='bbox 678 842 900 883; x_wconf 86' lang='lat' dir='ltr'>discedunt</span> <span class='ocrx_word' id='word_1_51' title='bbox 933 856 957 882; x_wconf 87' lang='lat' dir='ltr'>a</span> <span class='ocrx_word' id='word_1_52' title='bbox 989 840 1212 894; x_wconf 88' lang='lat' dir='ltr'>scripturis</span> <span class='ocrx_word' id='word_1_53' title='bbox 1239 840 1429 882; x_wconf 89' lang='lat' dir='ltr'>codicum</span> <span class='ocrx_word' id='word_1_54' title='bbox 1450 840 1722 893; x_wconf 87' lang='lat' dir='ltr'>Gallicorum,</span> 
     </span>
     <span class='ocr_line' id='line_1_10' title="bbox 171 909 1720 965; baseline -0.002 -11"><span class='ocrx_word' id='word_1_55' title='bbox 171 916 340 954; x_wconf 85' lang='lat' dir='ltr'>tantum</span> <span class='ocrx_word' id='word_1_56' title='bbox 374 928 397 954; x_wconf 82' lang='lat' dir='ltr'>a</span> <span class='ocrx_word' id='word_1_57' title='bbox 428 912 612 954; x_wconf 83' lang='lat' dir='ltr'>Phaedri</span> <span class='ocrx_word' id='word_1_58' title='bbox 650 912 793 954; x_wconf 86' lang='lat' dir='ltr'>verbis</span> <span class='ocrx_word' id='word_1_59' title='bbox 831 911 998 952; x_wconf 88' lang='lat' dir='ltr'>differre</span> <span class='ocrx_word' id='word_1_60' title='bbox 1037 912 1226 965; x_wconf 85' lang='lat' dir='ltr'>apparet.</span> <span class='ocrx_word' id='word_1_61' title='bbox 1293 909 1406 952; x_wconf 89' lang='lat' dir='ltr'>Nam</span> <span class='ocrx_word' id='word_1_62' title='bbox 1447 911 1491 952; x_wconf 89' lang='lat' dir='ltr'>in</span> <span class='ocrx_word' id='word_1_63' title='bbox 1528 911 1616 952; x_wconf 80' lang='lat' dir='ltr'>illis</span> <span class='ocrx_word' id='word_1_64' title='bbox 1655 926 1720 951; x_wconf 87' lang='lat' dir='ltr'>cx-</span> 
     </span>
     <span class='ocr_line' id='line_1_11' title="bbox 172 970 1721 1038; baseline -0.002 -14"><span class='ocrx_word' id='word_1_65' title='bbox 172 986 294 1037; x_wconf 86' lang='lat' dir='ltr'>cepto</span> <span class='ocrx_word' id='word_1_66' title='bbox 333 983 444 1038; x_wconf 89' lang='lat' dir='ltr'>quod</span> <span class='ocrx_word' id='word_1_67' title='bbox 485 970 659 1037; x_wconf 86' lang='lat' dir='ltr'>legitur:</span> <span class='ocrx_word' id='word_1_68' title='bbox 711 982 847 1036; x_wconf 70' lang='lat' dir='ltr'>‘siquo</span> <span class='ocrx_word' id='word_1_69' title='bbox 893 987 956 1022; x_wconf 87' lang='lat' dir='ltr'>est</span> <span class='ocrx_word' id='word_1_70' title='bbox 1000 980 1147 1035; x_wconf 90' lang='lat' dir='ltr'>abire’,</span> <span class='ocrx_word' id='word_1_71' title='bbox 1191 982 1333 1022; x_wconf 87' lang='lat' dir='ltr'>omnia</span> <span class='ocrx_word' id='word_1_72' title='bbox 1376 981 1721 1023; x_wconf 68' lang='lat' dir='ltr'>emendatissime</span> 
     </span>
     <span class='ocr_line' id='line_1_12' title="bbox 172 1054 653 1108; baseline 0.002 -15"><span class='ocrx_word' id='word_1_73' title='bbox 172 1054 409 1108; x_wconf 86' lang='lat' dir='ltr'>perscripta</span> <span class='ocrx_word' id='word_1_74' title='bbox 441 1057 541 1094; x_wconf 90' lang='lat' dir='ltr'>sunt</span> <span class='ocrx_word' id='word_1_75' title='bbox 571 1054 653 1094; x_wconf 87' lang='lat' dir='ltr'>ita:</span> 
     </span>
    </p>

    <p class='ocr_par' dir='ltr' id='par_1_5' title="bbox 347 1134 1633 1330">
     <span class='ocr_line' id='line_1_13' title="bbox 347 1134 1415 1189; baseline 0 -13"><span class='ocrx_word' id='word_1_76' title='bbox 347 1135 459 1189; x_wconf 87' lang='lat' dir='ltr'>Age,</span> <span class='ocrx_word' id='word_1_77' title='bbox 492 1135 609 1176; x_wconf 85' lang='lat' dir='ltr'>abire</span> <span class='ocrx_word' id='word_1_78' title='bbox 642 1135 763 1189; x_wconf 91' lang='lat' dir='ltr'>siquo</span> <span class='ocrx_word' id='word_1_79' title='bbox 797 1138 862 1176; x_wconf 92' lang='lat' dir='ltr'>est</span> <span class='ocrx_word' id='word_1_80' title='bbox 895 1135 1083 1188; x_wconf 82' lang='lat' dir='ltr'>animus,</span> <span class='ocrx_word' id='word_1_81' title='bbox 1115 1138 1181 1176; x_wconf 88' lang='lat' dir='ltr'>est</span> <span class='ocrx_word' id='word_1_82' title='bbox 1213 1134 1415 1176; x_wconf 77' lang='lat' dir='ltr'>licentia?</span> 
     </span>
     <span class='ocr_line' id='line_1_14' title="bbox 347 1205 1633 1260; baseline -0.001 -13"><span class='ocrx_word' id='word_1_83' title='bbox 347 1206 445 1248; x_wconf 90' lang='lat' dir='ltr'>Non</span> <span class='ocrx_word' id='word_1_84' title='bbox 476 1206 603 1260; x_wconf 91' lang='lat' dir='ltr'>plane</span> <span class='ocrx_word' id='word_1_85' title='bbox 637 1209 718 1259; x_wconf 89' lang='lat' dir='ltr'>est,</span> <span class='ocrx_word' id='word_1_86' title='bbox 749 1206 900 1260; x_wconf 88' lang='lat' dir='ltr'>inquit.</span> <span class='ocrx_word' id='word_1_87' title='bbox 950 1205 1127 1259; x_wconf 89' lang='lat' dir='ltr'>Fruere,</span> <span class='ocrx_word' id='word_1_88' title='bbox 1160 1220 1268 1260; x_wconf 86' lang='lat' dir='ltr'>quae</span> <span class='ocrx_word' id='word_1_89' title='bbox 1300 1206 1466 1260; x_wconf 86' lang='lat' dir='ltr'>laudas,</span> <span class='ocrx_word' id='word_1_90' title='bbox 1498 1206 1633 1247; x_wconf 80' lang='lat' dir='ltr'>canis:</span> 
     </span>
     <span class='ocr_line' id='line_1_15' title="bbox 347 1275 1296 1330; baseline 0 -14"><span class='ocrx_word' id='word_1_91' title='bbox 347 1275 543 1330; x_wconf 79' lang='lat' dir='ltr'>Regnare</span> <span class='ocrx_word' id='word_1_92' title='bbox 576 1276 694 1329; x_wconf 85' lang='lat' dir='ltr'>nolo,</span> <span class='ocrx_word' id='word_1_93' title='bbox 725 1275 835 1316; x_wconf 89' lang='lat' dir='ltr'>liber</span> <span class='ocrx_word' id='word_1_94' title='bbox 867 1278 915 1317; x_wconf 89' lang='lat' dir='ltr'>ut</span> <span class='ocrx_word' id='word_1_95' title='bbox 945 1290 1031 1316; x_wconf 91' lang='lat' dir='ltr'>non</span> <span class='ocrx_word' id='word_1_96' title='bbox 1065 1276 1146 1317; x_wconf 88' lang='grc'>31111</span> <span class='ocrx_word' id='word_1_97' title='bbox 1178 1275 1296 1317; x_wconf 88' lang='lat' dir='ltr'>mihi.</span> 
     </span>
    </p>
   </div>
   <div class='ocr_carea' id='block_1_5' title="bbox 171 1357 1723 1964">
    <p class='ocr_par' dir='ltr' id='par_1_6' title="bbox 171 1357 1722 1553">
     <span class='ocr_line' id='line_1_16' title="bbox 291 1357 1722 1411; baseline -0.001 -12"><span class='ocrx_word' id='word_1_98' title='bbox 291 1357 376 1399; x_wconf 79' lang='lat' dir='ltr'>Cur</span> <span class='ocrx_word' id='word_1_99' title='bbox 414 1358 735 1399; x_wconf 84' lang='lat' dir='ltr'>ultima-verba</span> <span class='ocrx_word' id='word_1_100' title='bbox 771 1362 861 1399; x_wconf 87' lang='lat' dir='ltr'>tam</span> <span class='ocrx_word' id='word_1_101' title='bbox 900 1358 1100 1399; x_wconf 85' lang='lat' dir='ltr'>audacter</span> <span class='ocrx_word' id='word_1_102' title='bbox 1142 1357 1506 1411; x_wconf 74' lang='lat' dir='ltr'>interpolarentur</span> <span class='ocrx_word' id='word_1_103' title='bbox 1550 1357 1593 1397; x_wconf 90' lang='grc'>111</span> <span class='ocrx_word' id='word_1_104' title='bbox 1635 1357 1722 1398; x_wconf 88' lang='lat' dir='ltr'>cod.</span> 
     </span>
     <span class='ocr_line' id='line_1_17' title="bbox 173 1428 1722 1483; baseline -0.001 -15"><span class='ocrx_word' id='word_1_105' title='bbox 173 1428 351 1482; x_wconf 78' lang='lat' dir='ltr'>Pe1·0tt.,</span> <span class='ocrx_word' id='word_1_106' title='bbox 383 1428 485 1469; x_wconf 83' lang='lat' dir='ltr'>haec</span> <span class='ocrx_word' id='word_1_107' title='bbox 507 1429 589 1469; x_wconf 81' lang='grc'>11111</span> <span class='ocrx_word' id='word_1_108' title='bbox 610 1444 753 1482; x_wconf 85' lang='lat' dir='ltr'>causa,</span> <span class='ocrx_word' id='word_1_109' title='bbox 787 1429 897 1483; x_wconf 89' lang='lat' dir='ltr'>quod</span> <span class='ocrx_word' id='word_1_110' title='bbox 919 1428 996 1470; x_wconf 71' lang='lat' dir='ltr'>‘ut’</span> <span class='ocrx_word' id='word_1_111' title='bbox 1022 1429 1073 1482; x_wconf 46' lang='lat' dir='ltr'>in·</span> <span class='ocrx_word' id='word_1_112' title='bbox 1099 1429 1158 1469; x_wconf 90' lang='lat' dir='ltr'>eis</span> <span class='ocrx_word' id='word_1_113' title='bbox 1192 1429 1380 1482; x_wconf 83' lang='lat' dir='ltr'>positum</span> <span class='ocrx_word' id='word_1_114' title='bbox 1414 1432 1480 1469; x_wconf 89' lang='lat' dir='ltr'>est</span> <span class='ocrx_word' id='word_1_115' title='bbox 1511 1443 1588 1468; x_wconf 89' lang='grc'>11311</span> <span class='ocrx_word' id='word_1_116' title='bbox 1622 1442 1722 1468; x_wconf 74' lang='lat' dir='ltr'>sane</span> 
     </span>
     <span class='ocr_line' id='line_1_18' title="bbox 171 1498 1160 1553; baseline 0.003 -15"><span class='ocrx_word' id='word_1_117' title='bbox 171 1499 347 1539; x_wconf 85' lang='lat' dir='ltr'>minime</span> <span class='ocrx_word' id='word_1_118' title='bbox 379 1498 637 1553; x_wconf 75' lang='lat' dir='ltr'>infrequenti</span> <span class='ocrx_word' id='word_1_119' title='bbox 670 1513 749 1553; x_wconf 89' lang='lat' dir='ltr'>pro</span> <span class='ocrx_word' id='word_1_120' title='bbox 782 1499 877 1540; x_wconf 73' lang='lat' dir='ltr'>‘hoc</span> <span class='ocrx_word' id='word_1_121' title='bbox 909 1502 1053 1553; x_wconf 84' lang='lat' dir='ltr'>pacto,</span> <span class='ocrx_word' id='word_1_122' title='bbox 1084 1499 1160 1540; x_wconf 86' lang='lat' dir='ltr'>ut&#39;.</span> 
     </span>
    </p>

    <p class='ocr_par' dir='ltr' id='par_1_7' title="bbox 171 1569 1723 1964">
     <span class='ocr_line' id='line_1_19' title="bbox 288 1569 1722 1623; baseline -0.001 -13"><span class='ocrx_word' id='word_1_123' title='bbox 288 1569 410 1618; x_wconf 85' lang='lat' dir='ltr'>Quod</span> <span class='ocrx_word' id='word_1_124' title='bbox 454 1570 498 1610; x_wconf 90' lang='lat' dir='ltr'>in</span> <span class='ocrx_word' id='word_1_125' title='bbox 539 1570 793 1623; x_wconf 81' lang='lat' dir='ltr'>anthologia</span> <span class='ocrx_word' id='word_1_126' title='bbox 836 1569 1060 1611; x_wconf 83' lang='lat' dir='ltr'>Perott-ina</span> <span class='ocrx_word' id='word_1_127' title='bbox 1110 1570 1306 1611; x_wconf 86' lang='lat' dir='ltr'>nonnulli</span> <span class='ocrx_word' id='word_1_128' title='bbox 1359 1569 1513 1611; x_wconf 82' lang='lat' dir='ltr'>desunt</span> <span class='ocrx_word' id='word_1_129' title='bbox 1563 1583 1722 1622; x_wconf 83' lang='lat' dir='ltr'>versus,</span> 
     </span>
     <span class='ocr_line' id='line_1_20' title="bbox 171 1639 1721 1694; baseline -0.002 -13"><span class='ocrx_word' id='word_1_130' title='bbox 171 1640 242 1694; x_wconf 89' lang='lat' dir='ltr'>qui</span> <span class='ocrx_word' id='word_1_131' title='bbox 275 1643 471 1694; x_wconf 81' lang='lat' dir='ltr'>prostant</span> <span class='ocrx_word' id='word_1_132' title='bbox 502 1640 546 1681; x_wconf 92' lang='lat' dir='ltr'>in</span> <span class='ocrx_word' id='word_1_133' title='bbox 579 1640 701 1682; x_wconf 88' lang='lat' dir='ltr'>libris</span> <span class='ocrx_word' id='word_1_134' title='bbox 722 1640 917 1694; x_wconf 80' lang='lat' dir='ltr'>Gallicis,</span> <span class='ocrx_word' id='word_1_135' title='bbox 949 1639 1225 1681; x_wconf 88' lang='lat' dir='ltr'>manifestum</span> <span class='ocrx_word' id='word_1_136' title='bbox 1258 1644 1340 1693; x_wconf 90' lang='lat' dir='ltr'>est,</span> <span class='ocrx_word' id='word_1_137' title='bbox 1374 1654 1445 1681; x_wconf 90' lang='lat' dir='ltr'>eos</span> <span class='ocrx_word' id='word_1_138' title='bbox 1479 1654 1569 1680; x_wconf 87' lang='lat' dir='ltr'>esse</span> <span class='ocrx_word' id='word_1_139' title='bbox 1597 1639 1721 1679; x_wconf 88' lang='lat' dir='ltr'>omis-</span> 
     </span>
     <span class='ocr_line' id='line_1_21' title="bbox 171 1710 1721 1765; baseline -0.001 -14"><span class='ocrx_word' id='word_1_140' title='bbox 171 1725 240 1751; x_wconf 88' lang='lat' dir='ltr'>sos</span> <span class='ocrx_word' id='word_1_141' title='bbox 272 1711 429 1764; x_wconf 90' lang='lat' dir='ltr'>partim</span> <span class='ocrx_word' id='word_1_142' title='bbox 462 1711 562 1765; x_wconf 88' lang='lat' dir='ltr'>quia</span> <span class='ocrx_word' id='word_1_143' title='bbox 593 1710 822 1752; x_wconf 87' lang='lat' dir='ltr'>necessarii</span> <span class='ocrx_word' id='word_1_144' title='bbox 856 1724 947 1751; x_wconf 92' lang='lat' dir='ltr'>esse</span> <span class='ocrx_word' id='word_1_145' title='bbox 980 1725 1065 1751; x_wconf 91' lang='lat' dir='ltr'>non</span> <span class='ocrx_word' id='word_1_146' title='bbox 1097 1710 1368 1763; x_wconf 85' lang='lat' dir='ltr'>videbantur,</span> <span class='ocrx_word' id='word_1_147' title='bbox 1401 1710 1560 1764; x_wconf 86' lang='lat' dir='ltr'>partim</span> <span class='ocrx_word' id='word_1_148' title='bbox 1581 1723 1721 1750; x_wconf 88' lang='lat' dir='ltr'>errore</span> 
     </span>
     <span class='ocr_line' id='line_1_22' title="bbox 172 1779 1721 1834; baseline -0.001 -13"><span class='ocrx_word' id='word_1_149' title='bbox 172 1784 213 1821; x_wconf 93' lang='lat' dir='ltr'>et</span> <span class='ocrx_word' id='word_1_150' title='bbox 246 1780 421 1822; x_wconf 78' lang='lat' dir='ltr'>levitate</span> <span class='ocrx_word' id='word_1_151' title='bbox 454 1780 542 1821; x_wconf 87' lang='lat' dir='ltr'>sive</span> <span class='ocrx_word' id='word_1_152' title='bbox 574 1781 706 1834; x_wconf 88' lang='lat' dir='ltr'>ipsius</span> <span class='ocrx_word' id='word_1_153' title='bbox 727 1780 895 1822; x_wconf 88' lang='lat' dir='ltr'>Perotti</span> <span class='ocrx_word' id='word_1_154' title='bbox 927 1781 1016 1822; x_wconf 87' lang='lat' dir='ltr'>sive</span> <span class='ocrx_word' id='word_1_155' title='bbox 1048 1780 1214 1822; x_wconf 86' lang='lat' dir='ltr'>librarii</span> <span class='ocrx_word' id='word_1_156' title='bbox 1248 1780 1336 1821; x_wconf 88' lang='lat' dir='ltr'>eius</span> <span class='ocrx_word' id='word_1_157' title='bbox 1358 1779 1533 1833; x_wconf 89' lang='lat' dir='ltr'>codicis,</span> <span class='ocrx_word' id='word_1_158' title='bbox 1567 1794 1616 1821; x_wconf 84' lang='lat' dir='ltr'>ex</span> <span class='ocrx_word' id='word_1_159' title='bbox 1639 1794 1721 1833; x_wconf 91' lang='lat' dir='ltr'>quo</span> 
     </span>
     <span class='ocr_line' id='line_1_23' title="bbox 171 1850 1723 1906; baseline -0.001 -14"><span class='ocrx_word' id='word_1_160' title='bbox 171 1851 467 1906; x_wconf 81' lang='lat' dir='ltr'>anthologiam</span> <span class='ocrx_word' id='word_1_161' title='bbox 507 1866 627 1892; x_wconf 90' lang='lat' dir='ltr'>suam</span> <span class='ocrx_word' id='word_1_162' title='bbox 664 1851 940 1905; x_wconf 87' lang='lat' dir='ltr'>deprompsit.</span> <span class='ocrx_word' id='word_1_163' title='bbox 1001 1850 1151 1906; x_wconf 88' lang='lat' dir='ltr'>Itaque</span> <span class='ocrx_word' id='word_1_164' title='bbox 1185 1851 1237 1892; x_wconf 86' lang='lat' dir='ltr'>ad</span> <span class='ocrx_word' id='word_1_165' title='bbox 1271 1850 1600 1905; x_wconf 88' lang='lat' dir='ltr'>suspectandum</span> <span class='ocrx_word' id='word_1_166' title='bbox 1631 1864 1723 1890; x_wconf 81' lang='lat' dir='ltr'>ver-</span> 
     </span>
     <span class='ocr_line' id='line_1_24' title="bbox 171 1922 626 1964; baseline 0.002 -2"><span class='ocrx_word' id='word_1_167' title='bbox 171 1937 265 1963; x_wconf 89' lang='lat' dir='ltr'>sum</span> <span class='ocrx_word' id='word_1_168' title='bbox 297 1937 329 1964; x_wconf 90' lang='lat' dir='ltr'>c.</span> <span class='ocrx_word' id='word_1_169' title='bbox 355 1923 410 1963; x_wconf 73' lang='lat'>22</span> <span class='ocrx_word' id='word_1_170' title='bbox 444 1923 470 1963; x_wconf 96' lang='grc'>1.</span> <span class='ocrx_word' id='word_1_171' title='bbox 490 1922 550 1963; x_wconf 86' lang='lat' dir='ltr'>IV</span> <span class='ocrx_word' id='word_1_172' title='bbox 584 1922 626 1963; x_wconf 84' lang='lat'>8:</span> 
     </span>
    </p>
   </div>
   <div class='ocr_carea' id='block_1_6' title="bbox 382 2003 1446 2058">
    <p class='ocr_par' dir='ltr' id='par_1_8' title="bbox 382 2003 1446 2058">
     <span class='ocr_line' id='line_1_25' title="bbox 382 2003 1446 2058; baseline 0 -13"><span class='ocrx_word' id='word_1_173' title='bbox 382 2004 489 2045; x_wconf 84' lang='lat' dir='ltr'>Erat</span> <span class='ocrx_word' id='word_1_174' title='bbox 522 2007 680 2054; x_wconf 84' lang='lat' dir='ltr'>autem,</span> <span class='ocrx_word' id='word_1_175' title='bbox 713 2007 761 2045; x_wconf 89' lang='lat' dir='ltr'>ut</span> <span class='ocrx_word' id='word_1_176' title='bbox 793 2004 928 2058; x_wconf 87' lang='lat' dir='ltr'>aiunt,</span> <span class='ocrx_word' id='word_1_177' title='bbox 960 2008 1086 2045; x_wconf 83' lang='lat' dir='ltr'>natus</span> <span class='ocrx_word' id='word_1_178' title='bbox 1120 2004 1163 2045; x_wconf 90' lang='grc'>111</span> <span class='ocrx_word' id='word_1_179' title='bbox 1197 2003 1274 2045; x_wconf 85' lang='lat' dir='ltr'>Cia</span> <span class='ocrx_word' id='word_1_180' title='bbox 1305 2004 1446 2045; x_wconf 84' lang='lat' dir='ltr'>insula</span> 
     </span>
    </p>
   </div>
   <div class='ocr_carea' id='block_1_7' title="bbox 169 2086 1722 2987">
    <p class='ocr_par' dir='ltr' id='par_1_9' title="bbox 170 2086 1722 2280">
     <span class='ocr_line' id='line_1_26' title="bbox 172 2086 1721 2140; baseline -0.001 -14"><span class='ocrx_word' id='word_1_181' title='bbox 172 2101 321 2139; x_wconf 88' lang='lat' dir='ltr'>parum</span> <span class='ocrx_word' id='word_1_182' title='bbox 361 2087 491 2139; x_wconf 86' lang='lat' dir='ltr'>valet,</span> <span class='ocrx_word' id='word_1_183' title='bbox 535 2086 645 2140; x_wconf 86' lang='lat' dir='ltr'>quod</span> <span class='ocrx_word' id='word_1_184' title='bbox 691 2087 874 2127; x_wconf 84' lang='lat' dir='ltr'>omissus</span> <span class='ocrx_word' id='word_1_185' title='bbox 918 2091 981 2127; x_wconf 83' lang='grc'>031</span> <span class='ocrx_word' id='word_1_186' title='bbox 1028 2087 1069 2127; x_wconf 83' lang='grc'>111</span> <span class='ocrx_word' id='word_1_187' title='bbox 1118 2086 1312 2140; x_wconf 78' lang='lat' dir='ltr'>exemplo</span> <span class='ocrx_word' id='word_1_188' title='bbox 1350 2086 1532 2140; x_wconf 74' lang='lat' dir='ltr'>Perotti,</span> <span class='ocrx_word' id='word_1_189' title='bbox 1577 2100 1721 2139; x_wconf 86' lang='lat' dir='ltr'>quam-</span> 
     </span>
     <span class='ocr_line' id='line_1_27' title="bbox 171 2156 1722 2212; baseline -0.001 -15"><span class='ocrx_word' id='word_1_190' title='bbox 171 2172 297 2211; x_wconf 87' lang='lat' dir='ltr'>quam</span> <span class='ocrx_word' id='word_1_191' title='bbox 330 2157 436 2198; x_wconf 83' lang='lat' dir='ltr'>aliae</span> <span class='ocrx_word' id='word_1_192' title='bbox 471 2161 569 2198; x_wconf 85' lang='lat' dir='ltr'>sunt</span> <span class='ocrx_word' id='word_1_193' title='bbox 601 2171 771 2211; x_wconf 86' lang='lat' dir='ltr'>causae,</span> <span class='ocrx_word' id='word_1_194' title='bbox 810 2172 887 2198; x_wconf 70' lang='lat' dir='ltr'>cur</span> <span class='ocrx_word' id='word_1_195' title='bbox 915 2172 1011 2199; x_wconf 90' lang='lat' dir='ltr'>eum</span> <span class='ocrx_word' id='word_1_196' title='bbox 1045 2157 1370 2212; x_wconf 82' lang='lat' dir='ltr'>suppositicium</span> <span class='ocrx_word' id='word_1_197' title='bbox 1402 2172 1493 2198; x_wconf 81' lang='lat' dir='ltr'>esse</span> <span class='ocrx_word' id='word_1_198' title='bbox 1527 2157 1632 2198; x_wconf 87' lang='lat' dir='ltr'>satis</span> <span class='ocrx_word' id='word_1_199' title='bbox 1666 2156 1722 2197; x_wconf 81' lang='lat' dir='ltr'>sit</span> 
     </span>
     <span class='ocr_line' id='line_1_28' title="bbox 170 2227 403 2280; baseline 0.009 -13"><span class='ocrx_word' id='word_1_200' title='bbox 170 2227 403 2280; x_wconf 82' lang='lat' dir='ltr'>probabile.</span> 
     </span>
    </p>

    <p class='ocr_par' dir='ltr' id='par_1_10' title="bbox 169 2298 1722 2987">
     <span class='ocr_line' id='line_1_29' title="bbox 287 2298 1721 2354; baseline 0 -15"><span class='ocrx_word' id='word_1_201' title='bbox 287 2298 481 2353; x_wconf 84' lang='lat' dir='ltr'>Denique</span> <span class='ocrx_word' id='word_1_202' title='bbox 526 2313 671 2340; x_wconf 84' lang='lat' dir='ltr'>versus</span> <span class='ocrx_word' id='word_1_203' title='bbox 716 2299 885 2352; x_wconf 77' lang='lat' dir='ltr'>pauculi</span> <span class='ocrx_word' id='word_1_204' title='bbox 931 2299 1002 2354; x_wconf 87' lang='lat' dir='ltr'>qui</span> <span class='ocrx_word' id='word_1_205' title='bbox 1046 2314 1219 2353; x_wconf 89' lang='lat' dir='ltr'>prorsus</span> <span class='ocrx_word' id='word_1_206' title='bbox 1258 2298 1425 2340; x_wconf 84' lang='lat' dir='ltr'>diverso</span> <span class='ocrx_word' id='word_1_207' title='bbox 1466 2298 1590 2339; x_wconf 90' lang='lat' dir='ltr'>modo</span> <span class='ocrx_word' id='word_1_208' title='bbox 1630 2314 1721 2352; x_wconf 88' lang='lat' dir='ltr'>per-</span> 
     </span>
     <span class='ocr_line' id='line_1_30' title="bbox 171 2368 1722 2424; baseline 0.001 -16"><span class='ocrx_word' id='word_1_209' title='bbox 171 2369 320 2421; x_wconf 81' lang='lat' dir='ltr'>scripti</span> <span class='ocrx_word' id='word_1_210' title='bbox 353 2372 451 2409; x_wconf 86' lang='lat' dir='ltr'>sunt</span> <span class='ocrx_word' id='word_1_211' title='bbox 482 2369 524 2410; x_wconf 89' lang='lat' dir='ltr'>in</span> <span class='ocrx_word' id='word_1_212' title='bbox 558 2368 778 2410; x_wconf 88' lang='lat' dir='ltr'>Perottino</span> <span class='ocrx_word' id='word_1_213' title='bbox 812 2369 923 2410; x_wconf 90' lang='lat' dir='ltr'>libro</span> <span class='ocrx_word' id='word_1_214' title='bbox 956 2374 1083 2424; x_wconf 89' lang='lat' dir='ltr'>atque</span> <span class='ocrx_word' id='word_1_215' title='bbox 1114 2370 1159 2410; x_wconf 91' lang='lat' dir='ltr'>in</span> <span class='ocrx_word' id='word_1_216' title='bbox 1185 2369 1381 2422; x_wconf 80' lang='lat' dir='ltr'>Gallicis,</span> <span class='ocrx_word' id='word_1_217' title='bbox 1414 2384 1509 2410; x_wconf 87' lang='lat' dir='ltr'>cum</span> <span class='ocrx_word' id='word_1_218' title='bbox 1540 2369 1722 2423; x_wconf 84' lang='lat' dir='ltr'>plerum·</span> 
     </span>
     <span class='ocr_line' id='line_1_31' title="bbox 171 2438 1720 2493; baseline 0 -14"><span class='ocrx_word' id='word_1_219' title='bbox 171 2454 249 2493; x_wconf 86' lang='lat' dir='ltr'>que</span> <span class='ocrx_word' id='word_1_220' title='bbox 288 2438 632 2492; x_wconf 84' lang='lat' dir='ltr'>interpolationis</span> <span class='ocrx_word' id='word_1_221' title='bbox 671 2439 839 2481; x_wconf 86' lang='lat' dir='ltr'>indiciis</span> <span class='ocrx_word' id='word_1_222' title='bbox 878 2443 1104 2482; x_wconf 87' lang='lat' dir='ltr'>teneantur</span> <span class='ocrx_word' id='word_1_223' title='bbox 1142 2439 1401 2493; x_wconf 81' lang='lat' dir='ltr'>manifestis,</span> <span class='ocrx_word' id='word_1_224' title='bbox 1452 2439 1556 2480; x_wconf 83' lang='lat' dir='ltr'>satis</span> <span class='ocrx_word' id='word_1_225' title='bbox 1595 2439 1720 2480; x_wconf 80' lang='lat' dir='ltr'>facilc</span> 
     </span>
     <span class='ocr_line' id='line_1_32' title="bbox 170 2509 1721 2565; baseline 0 -15"><span class='ocrx_word' id='word_1_226' title='bbox 170 2510 237 2550; x_wconf 86' lang='lat' dir='ltr'>aio</span> <span class='ocrx_word' id='word_1_227' title='bbox 269 2524 394 2563; x_wconf 88' lang='lat' dir='ltr'>posse</span> <span class='ocrx_word' id='word_1_228' title='bbox 426 2509 611 2563; x_wconf 86' lang='lat' dir='ltr'>definiri,</span> <span class='ocrx_word' id='word_1_229' title='bbox 643 2514 785 2551; x_wconf 86' lang='lat' dir='ltr'>utrum</span> <span class='ocrx_word' id='word_1_230' title='bbox 818 2511 870 2552; x_wconf 83' lang='lat' dir='ltr'>ab</span> <span class='ocrx_word' id='word_1_231' title='bbox 898 2511 991 2565; x_wconf 91' lang='lat' dir='ltr'>ipso</span> <span class='ocrx_word' id='word_1_232' title='bbox 1013 2511 1189 2553; x_wconf 85' lang='lat' dir='ltr'>Perotto</span> <span class='ocrx_word' id='word_1_233' title='bbox 1222 2526 1276 2552; x_wconf 87' lang='lat' dir='ltr'>an</span> <span class='ocrx_word' id='word_1_234' title='bbox 1303 2526 1327 2551; x_wconf 87' lang='lat' dir='ltr'>a</span> <span class='ocrx_word' id='word_1_235' title='bbox 1353 2510 1531 2551; x_wconf 87' lang='lat' dir='ltr'>librario</span> <span class='ocrx_word' id='word_1_236' title='bbox 1553 2510 1721 2563; x_wconf 76' lang='lat' dir='ltr'>codicis,</span> 
     </span>
     <span class='ocr_line' id='line_1_33' title="bbox 171 2580 1721 2635; baseline -0.001 -14"><span class='ocrx_word' id='word_1_237' title='bbox 171 2595 219 2621; x_wconf 85' lang='lat' dir='ltr'>ex</span> <span class='ocrx_word' id='word_1_238' title='bbox 259 2595 341 2634; x_wconf 91' lang='lat' dir='ltr'>quo</span> <span class='ocrx_word' id='word_1_239' title='bbox 381 2580 565 2634; x_wconf 81' lang='lat' dir='ltr'>sumpsit</span> <span class='ocrx_word' id='word_1_240' title='bbox 603 2596 695 2634; x_wconf 84' lang='lat' dir='ltr'>sua,</span> <span class='ocrx_word' id='word_1_241' title='bbox 740 2580 825 2622; x_wconf 74' lang='lat' dir='ltr'>sint</span> <span class='ocrx_word' id='word_1_242' title='bbox 867 2581 1102 2635; x_wconf 79' lang='lat' dir='ltr'>depravati.</span> <span class='ocrx_word' id='word_1_243' title='bbox 1177 2581 1296 2630; x_wconf 85' lang='lat' dir='ltr'>Quod</span> <span class='ocrx_word' id='word_1_244' title='bbox 1336 2584 1382 2621; x_wconf 89' lang='lat' dir='ltr'>ut</span> <span class='ocrx_word' id='word_1_245' title='bbox 1420 2580 1721 2633; x_wconf 83' lang='lat' dir='ltr'>demonstrem,</span> 
     </span>
     <span class='ocr_line' id='line_1_34' title="bbox 169 2650 1720 2705; baseline -0.001 -15"><span class='ocrx_word' id='word_1_246' title='bbox 169 2651 313 2703; x_wconf 84' lang='lat' dir='ltr'>paucis</span> <span class='ocrx_word' id='word_1_247' title='bbox 347 2654 411 2692; x_wconf 91' lang='lat' dir='ltr'>est</span> <span class='ocrx_word' id='word_1_248' title='bbox 442 2651 666 2692; x_wconf 77' lang='lat' dir='ltr'>(licendum</span> <span class='ocrx_word' id='word_1_249' title='bbox 697 2651 747 2692; x_wconf 87' lang='lat' dir='ltr'>de</span> <span class='ocrx_word' id='word_1_250' title='bbox 780 2651 969 2693; x_wconf 87' lang='lat' dir='ltr'>metricis</span> <span class='ocrx_word' id='word_1_251' title='bbox 1002 2652 1242 2693; x_wconf 86' lang='lat' dir='ltr'>rationibus</span> <span class='ocrx_word' id='word_1_252' title='bbox 1264 2651 1533 2705; x_wconf 85' lang='lat' dir='ltr'>propriorum</span> <span class='ocrx_word' id='word_1_253' title='bbox 1557 2650 1720 2690; x_wconf 85' lang='lat' dir='ltr'>Perotti</span> 
     </span>
     <span class='ocr_line' id='line_1_35' title="bbox 169 2721 1721 2776; baseline -0.001 -15"><span class='ocrx_word' id='word_1_254' title='bbox 169 2721 417 2762; x_wconf 89' lang='lat' dir='ltr'>carminum.</span> <span class='ocrx_word' id='word_1_255' title='bbox 479 2721 643 2775; x_wconf 87' lang='lat' dir='ltr'>Nempe</span> <span class='ocrx_word' id='word_1_256' title='bbox 675 2721 895 2774; x_wconf 74' lang='lat' dir='ltr'>Perottus,</span> <span class='ocrx_word' id='word_1_257' title='bbox 933 2737 1058 2776; x_wconf 81' lang='lat' dir='ltr'>quem</span> <span class='ocrx_word' id='word_1_258' title='bbox 1091 2722 1205 2763; x_wconf 85' lang='lat' dir='ltr'>docti</span> <span class='ocrx_word' id='word_1_259' title='bbox 1238 2721 1351 2762; x_wconf 88' lang='lat' dir='ltr'>haud</span> <span class='ocrx_word' id='word_1_260' title='bbox 1383 2721 1505 2774; x_wconf 86' lang='lat' dir='ltr'>pauci</span> <span class='ocrx_word' id='word_1_261' title='bbox 1537 2721 1721 2761; x_wconf 81' lang='lat' dir='ltr'>credide-</span> 
     </span>
     <span class='ocr_line' id='line_1_36' title="bbox 170 2791 1719 2845; baseline 0.001 -14"><span class='ocrx_word' id='word_1_262' title='bbox 170 2796 268 2832; x_wconf 90' lang='lat' dir='ltr'>runt</span> <span class='ocrx_word' id='word_1_263' title='bbox 302 2792 430 2833; x_wconf 85' lang='lat' dir='ltr'>fuisse</span> <span class='ocrx_word' id='word_1_264' title='bbox 463 2797 678 2834; x_wconf 84' lang='lat' dir='ltr'>auctorem</span> <span class='ocrx_word' id='word_1_265' title='bbox 712 2792 863 2833; x_wconf 82' lang='lat' dir='ltr'>harum</span> <span class='ocrx_word' id='word_1_266' title='bbox 890 2792 1150 2844; x_wconf 85' lang='lat' dir='ltr'>fabularum,</span> <span class='ocrx_word' id='word_1_267' title='bbox 1184 2796 1269 2832; x_wconf 89' lang='lat' dir='ltr'>tam</span> <span class='ocrx_word' id='word_1_268' title='bbox 1298 2791 1380 2831; x_wconf 87' lang='lat' dir='ltr'>fuit</span> <span class='ocrx_word' id='word_1_269' title='bbox 1406 2791 1582 2845; x_wconf 88' lang='lat' dir='ltr'>ignarus</span> <span class='ocrx_word' id='word_1_270' title='bbox 1612 2791 1719 2832; x_wconf 82' lang='lat' dir='ltr'>artis</span> 
     </span>
     <span class='ocr_line' id='line_1_37' title="bbox 171 2861 1718 2917; baseline 0 -16"><span class='ocrx_word' id='word_1_271' title='bbox 171 2877 367 2903; x_wconf 81' lang='lat' dir='ltr'>versuum</span> <span class='ocrx_word' id='word_1_272' title='bbox 399 2863 698 2915; x_wconf 83' lang='lat' dir='ltr'>iambicorum,</span> <span class='ocrx_word' id='word_1_273' title='bbox 742 2866 789 2903; x_wconf 91' lang='lat' dir='ltr'>ut</span> <span class='ocrx_word' id='word_1_274' title='bbox 826 2863 1033 2917; x_wconf 83' lang='lat' dir='ltr'>neglectis</span> <span class='ocrx_word' id='word_1_275' title='bbox 1067 2862 1240 2903; x_wconf 85' lang='lat' dir='ltr'>omniuo</span> <span class='ocrx_word' id='word_1_276' title='bbox 1280 2861 1595 2915; x_wconf 81' lang='lat' dir='ltr'>quantitatibus</span> <span class='ocrx_word' id='word_1_277' title='bbox 1635 2861 1718 2915; x_wconf 74' lang='lat' dir='ltr'>syl-</span> 
     </span>
     <span class='ocr_line' id='line_1_38' title="bbox 171 2932 1721 2987; baseline 0.001 -15"><span class='ocrx_word' id='word_1_278' title='bbox 171 2933 364 2973; x_wconf 81' lang='lat' dir='ltr'>labarum</span> <span class='ocrx_word' id='word_1_279' title='bbox 402 2934 563 2974; x_wconf 84' lang='lat' dir='ltr'>faceret</span> <span class='ocrx_word' id='word_1_280' title='bbox 601 2933 884 2987; x_wconf 75' lang='lat' dir='ltr'>rhythmicos,</span> <span class='ocrx_word' id='word_1_281' title='bbox 935 2934 1075 2974; x_wconf 84' lang='lat' dir='ltr'>soluta</span> <span class='ocrx_word' id='word_1_282' title='bbox 1115 2932 1316 2973; x_wconf 88' lang='lat' dir='ltr'>nimirum</span> <span class='ocrx_word' id='word_1_283' title='bbox 1353 2946 1583 2986; x_wconf 82' lang='lat' dir='ltr'>numquam</span> <span class='ocrx_word' id='word_1_284' title='bbox 1623 2933 1721 2987; x_wconf 75' lang='lat' dir='ltr'>arsi,</span> 
     </span>
    </p>
   </div>
  </div>
 </body>
</html>
