2028 3310
879 221 1024 255 Llsshlu
1051 222 1073 255 I.
1727 221 1747 259 7

942 328 1013 370 ΧΙ.

574 410 790 455 [ASINVS
816 412 886 443 ET
913 411 1021 443 LEO
1047 409 1401 456 VENANTEffl,

290 482 474 523 Virtutis
510 496 657 535 expers
691 482 832 523 verbis
866 481 1030 522 iactans
1064 481 1249 534 gloriani

200 553 377 606 Ignotos
411 553 540 605 fallit,
572 553 688 594 notis
721 555 787 594 est
819 551 988 593 derisui.

288 623 448 664 Venari
481 623 614 665 asello
648 623 802 664 comite
835 637 929 663 eum
963 622 1094 663 vellet
1127 622 1206 675 leo,

199 693 401 735 Contexit
433 693 554 734 illum
587 693 737 734 frutice
771 695 812 734 et
845 693 1065 733 admonuit
1098 692 1237 744 simul,

197 764 257 805 Ut
288 764 454 806 insueta
487 778 588 805 voce
621 767 801 804 terreret
834 764 959 816 feras,
1729 774 1748 802 5

199 834 428 887 Fugientes
461 835 550 888 ipse
585 836 807 888 exciperet.
870 833 952 875 Hic
984 834 1194 875 auritulus

199 904 441 947 Clamorem
475 906 617 946 subito
651 905 756 946 totis
789 904 905 946 tollit
938 904 1100 946 viribus

196 975 403 1031 Novoque
435 976 581 1017 turbat
613 976 774 1017 bestias
807 975 1027 1017 miraculo.

197 1047 312 1095 Quae
344 1047 441 1087 dum
475 1052 676 1100 paventes
709 1047 849 1087 exitus
882 1049 1007 1088 notos
1040 1048 1204 1100 petunt,

196 1116 350 1158 Leonis
383 1117 646 1171 adfliguntur
678 1117 889 1158 horrendo
924 1117 1099 1171 impetu.
1705 1127 1746 1156 10

195 1186 276 1235 Qui
309 1190 537 1241 postquam
570 1188 695 1229 caede
729 1188 866 1229 fessus
900 1190 982 1241 est,
1016 1187 1182 1228 asinum
1217 1190 1363 1227 evocat

193 1256 397 1311 Iubetque
430 1272 576 1299 vocem
609 1272 814 1311 premere.
875 1257 994 1299 Tunc
1026 1258 1099 1299 ille
1132 1258 1339 1299 insolens:

194 1328 342 1377 Qualis
376 1328 543 1370 videtur
575 1343 705 1382 opera
737 1329 818 1369 tibi
851 1330 968 1369 vocis
1002 1329 1149 1370 meae?

194 1398 395 1452 Insignis,
429 1399 585 1452 inquit,
619 1398 696 1451 sie,
728 1403 794 1451 ut,
827 1399 908 1439 nisi
939 1413 1110 1440 nossem
1144 1403 1265 1440 tuum

194 1469 394 1510 Animum
427 1482 664 1523 genusque,
697 1469 829 1510 simili
862 1469 1067 1522 fugissem
1102 1472 1228 1509 metu.
1703 1478 1743 1508 15

919 1597 1011 1639 XII.

651 1680 886 1724 [CEvas
913 1681 988 1713 AD
1014 1679 1278 1723 FONTEM]

279 1751 483 1793 Laudatis
516 1751 710 1805 utiliora,
743 1766 849 1806 quae
882 1751 1200 1805 contempseris,

189 1822 325 1876 Saepe
357 1822 538 1863 inveniri
571 1822 695 1863 testis
728 1822 831 1864 haec
863 1823 1110 1863 narratiost.

278 1893 343 1933 Ad
376 1895 538 1933 fontem
572 1907 737 1946 cervus,
771 1907 864 1935 cum
898 1893 1099 1946 bibisset,
1132 1893 1291 1933 restitit

189 1963 245 2003 Et
279 1963 321 2003 in
356 1963 519 2017 liquore
552 1963 657 2004 vidit
690 1963 879 2017 effigiem
912 1978 1045 2004 suam.

189 2032 254 2073 lbi
287 2032 382 2073 (lum
418 2047 585 2074 ramosa
619 2033 776 2074 mirans
810 2033 954 2074 laudat
987 2047 1141 2074 cornua
1719 2044 1738 2073 5

281 2184 328 2217 XI
355 2185 462 2218 inser.
490 2184 551 2217 DE
587 2184 747 2218 LEONI:
780 2184 840 2217 ET
876 2184 1019 2218 ASINQ
1054 2184 1107 2221 J),
1148 2185 1185 2217 in
1223 2195 1291 2227 quo
1323 2194 1440 2217 omnes
1479 2183 1579 2217 titali
1611 2184 1740 2217 litteris

185 2243 404 2286 capitalibus
429 2247 513 2277 sunt
538 2244 691 2277 exarati.
771 2248 783 2277 1
815 2255 879 2277 om.
905 2243 948 2276 Ι).
1025 2247 1044 2277 5
1071 2244 1112 2276 ut
1138 2241 1201 2276 ille
1227 2241 1373 2276 insueta
1399 2242 1446 2275 I).
1505 2243 1541 2276 et
1567 2242 1662 2276 seras
1691 2242 1736 2277 J).

185 2306 204 2335 6
231 2301 307 2346 ipse
334 2305 373 2335 ut
392 2302 466 2336 PR
493 2305 574 2336 teste
596 2302 708 2345 Vive,
735 2305 775 2336 ut
801 2302 879 2347 ipse
906 2301 941 2335 R
967 2312 1072 2336 asser.
1095 2302 1203 2343 Gucl.,
1230 2303 1270 2335 ut
1295 2311 1360 2335 om.
1383 2301 1430 2336 1).
1506 2306 1524 2335 (3
1551 2300 1737 2335 auriculus

188 2360 283 2396 PD.
321 2361 504 2395 auriculas
530 2361 565 2394 R
593 2365 630 2394 ut
658 2361 746 2395 vicl..
790 2360 970 2394 auritulus
1004 2360 1200 2404 Risyaltc'us.
1300 2363 1317 2393 7
1346 2358 1524 2393 clamoret
1552 2359 1587 2392 Ρ
1611 2371 1654 2392 m.
1678 2371 1735 2402 pr.

183 2418 345 2453 subitum
364 2420 406 2454 Ῑ).
457 2419 558 2455 tollit
583 2420 671 2455 totis
696 2419 781 2453 PR.
853 2424 894 2453 10
921 2419 1146 2463 adfliguntur
1159 2419 1209 2461 J),
1235 2417 1456 2452 adficiuntur
1474 2417 1558 2451 PR.
1612 2422 1650 2451 11
1681 2419 1738 2453 est

183 2490 248 2511 om.
274 2478 360 2517 PR,
393 2479 475 2514 mld.
498 2479 553 2521 1),
586 2480 620 2513 si
648 2479 938 2513 Memlelssolmio
964 2480 1060 2522 sides.
1161 2483 1203 2512 1-2
1238 2479 1326 2511 tunc
1353 2480 1402 2510 est
1427 2477 1467 2510 in
1496 2476 1591 2515 ΡΙ),
1635 2477 1675 2510 in
1701 2477 1736 2510 1ss

185 2540 304 2570 utrum
335 2539 383 2571 sit
414 2549 520 2572 necne
557 2549 627 2571 non
664 2538 754 2571 satis
791 2541 939 2571 constat.
1040 2542 1081 2571 13
1115 2537 1240 2581 quales
1270 2537 1305 2570 P
1328 2548 1371 2570 m.
1395 2547 1452 2579 pr.
1528 2547 1560 2578 q.
1590 2547 1621 2570 V.
1650 2547 1680 2570 o.
1709 2538 1733 2570 t.

183 2608 214 2630 ν.
242 2609 305 2638 m.;
339 2598 390 2631 sie
417 2598 453 2631 1)
485 2600 634 2631 testante
662 2597 971 2639 Mendelssohm‘o‚·
1015 2609 1047 2641 q.
1075 2599 1100 2631 t.
1128 2609 1159 2631 v.
1188 2608 1218 2630 0.
1246 2606 1323 2630 voe.
1352 2606 1398 2629 m.
1430 2594 1478 2635 Ι),
1528 2606 1560 2637 q.
1589 2605 1619 2628 o.
1647 2596 1671 2628 t.
1700 2607 1732 2629 V.

181 2666 259 2690 voc.
286 2667 332 2689 m.
361 2656 405 2690 R.
484 2661 524 2690 14
552 2656 602 2691 sic
631 2657 672 2690 ut
697 2667 761 2689 om.
784 2656 830 2689 1).
908 2660 949 2690 15
976 2655 1126 2690 fuissem
1152 2655 1189 2689 iu
1216 2657 1316 2689 metu
1346 2654 1389 2695 1’,
1415 2653 1464 2686 ed.
1491 2652 1733 2695 Brocasiana,

181 2726 254 2749 non
282 2715 328 2749 J).

275 2773 341 2807 XII
367 2775 474 2809 inser.
503 2775 543 2808 in
570 2775 606 2808 1)
627 2778 710 2818 post
738 2780 825 2817 1·.2;
871 2776 999 2810 laudat
1031 2787 1167 2810 cornua
1200 2775 1282 2808 add.
1312 2774 1412 2807 idem.
1508 2775 1521 2803 1
1551 2770 1730 2815 laudatis]

181 2844 290 2876 saepe
316 2843 395 2867 esse
417 2833 462 2867 D.
538 2839 557 2867 2
587 2834 791 2874 ttaBentl.,·
818 2847 842 2868 s.
871 2834 892 2868 i.
920 2835 1010 2869 haec
1037 2834 1107 2869 erit
1133 2832 1294 2868 narratio
1325 2833 1416 2869 ΡΗ,
1443 2829 1522 2864 eius
1549 2829 1599 2863 rei
1625 2830 1730 2865 testis

180 2891 270 2926 haee
295 2893 457 2927 narratio
485 2896 541 2928 est
567 2894 612 2927 Ι).
679 2898 698 2927 4
725 2893 860 2938 fagiem
887 2898 972 2929 mut.
999 2894 1116 2928 eadem
1146 2905 1187 2926 m.
1215 2893 1255 2926 in
1276 2892 1436 2937 effigiem
1459 2894 1504 2928 I).
1557 2898 1576 2928 ἶ)
1602 2894 1729 2929 laudat

180 2950 316 2985 mirans
344 2951 390 2986 1).
