2028 3310
294 176 451 212 XXVIII
962 174 1119 209 CAPVT
1146 174 1189 209 II.

965 281 1008 322 II
1059 282 1084 323 8
1165 296 1174 322 :

579 351 738 394 Cervus
769 282 1247 395 nemorosis⁷ex⁷eiiatus
1279 351 1486 393 latibulis.

415 435 466 477 In
497 435 722 477 Perottino
753 435 866 476 libro
897 435 1049 476 fertur:

580 516 739 559 Cervus
771 531 993 558 nemorum
1027 516 1272 571 exagitatus
1304 515 1512 557 latibulis.

414 601 462 642 Id
494 600 682 655 ἄμετρον
722 613 814 640 esse
852 601 1042 653 apparet.
1103 598 1334 640 Praeterea
1374 597 1424 638 de
1456 597 1548 638 fera
1585 611 1634 638 ex
1666 596 1847 638 latebris

298 672 385 713 suis
418 670 645 712 exturbata
677 669 829 711 melius
862 669 1073 711 excitandi
1109 669 1285 710 verbum
1319 667 1514 710 adhiberi
1546 682 1673 722 quam
1706 666 1848 720 exagi-

296 741 416 783 tandi
448 741 542 796 quis
576 740 779 795 ignorat?

948 823 1010 864 lb.
1043 824 1069 864 2
1102 824 1201 877 leg.:

580 893 640 935 Vt
672 896 922 934 venatorum
955 894 1162 948 effugeret
1191 893 1424 934 instantem
1456 906 1614 944 necem,

297 993 374 1032 pro
421 976 637 1031 ‘fuge1·et,'
682 977 823 1017 minus
866 974 1086 1030 elegan‘ter
1125 975 1213 1016 sive
1258 977 1440 1015 metrum
1479 973 1717 1028 respexeris
1762 973 1850 1014 sive

298 1060 431 1101 genus
463 1047 647 1101 dicendi,
680 1062 774 1089 cum
806 1046 1045 1099 Phaedrus,
1077 1060 1335 1100 quamquam
1369 1045 1457 1086 eius
1492 1058 1632 1085 sermo
1664 1043 1851 1097 pedestri

299 1118 483 1160 orationi
516 1121 580 1159 est
611 1118 801 1172 propior,
833 1132 917 1158 non
949 1117 1090 1157 minus
1124 1131 1252 1171 quam
1278 1116 1432 1170 reliqui
1458 1117 1610 1170 poetae
1631 1114 1694 1155 uti
1716 1114 1852 1155 soleat

299 1188 568 1245 simplicibus
601 1188 743 1230 verbis
775 1203 851 1242 pro
873 1187 1142 1241 compositis,
1175 1187 1235 1227 eis
1255 1186 1458 1227 nimirum
1479 1185 1601 1239 locis,
1635 1185 1706 1227 ubi
1731 1185 1853 1226 nulla

297 1260 442 1313 potest
474 1258 577 1300 oriri
611 1258 849 1300 sententiae
882 1257 1156 1312 ambiguitas.

1005 1328 1067 1369 Ib.
1098 1328 1144 1369 4:

580 1399 638 1442 Et
672 1403 913 1454 opportuno
947 1413 990 1440 se
1021 1398 1159 1440 bovili
1191 1397 1392 1440 condidit.

415 1481 533 1523 Haec
565 1482 695 1524 verba
726 1482 772 1522 in
804 1481 927 1523 libris
961 1480 1139 1522 Gallicis
1178 1480 1384 1522 hactenus
1417 1482 1517 1520 sunt
1548 1482 1768 1533 corrupta,
1805 1483 1853 1520 ut

298 1570 375 1609 pro
409 1554 469 1596 ‘se
489 1552 642 1595 bovili'
676 1553 882 1607 scriptum
913 1552 969 1594 sit
988 1553 1033 1594 in
1051 1551 1255 1594 Remensi
1275 1550 1425 1592 ‘bovili
1446 1549 1519 1604 se’,
1551 1550 1594 1591 in
1613 1548 1852 1590 Pithoeano

300 1624 457 1667 ‘bovile
490 1623 561 1665 se’.
626 1622 749 1678 Apud
781 1623 1004 1664 Perottum
1036 1623 1189 1664 habes:
1229 1621 1285 1663 ‘et
1318 1622 1431 1663 inter
1469 1620 1654 1662 bubulos
1695 1619 1853 1661 rustice

301 1695 395 1751 (pro
429 1692 629 1749 ‘rustici')
663 1709 708 1735 se
741 1692 956 1736 condidit’.

1006 1775 1067 1817 Ib.
1100 1776 1144 1818 5:

583 1847 665 1889 Hie
698 1848 776 1889 bos
810 1847 984 1888 latenti:
1017 1846 1219 1901 quidnam
1252 1845 1427 1888 voluisti
1462 1845 1553 1888 tibi.

417 1931 466 1972 In
486 1930 708 1972 Perottino
743 1930 977 1984 exemplari
1009 1931 1196 1984 prostat,
1229 1929 1341 1984 quod
1368 1931 1431 1969 est
1462 1929 1709 1970 barbarum:
1742 1927 1854 1969 ‘huic

301 2017 349 2044 eo
384 2000 563 2043 latenti'.
614 2000 663 2041 In
695 2000 843 2042 eodem
877 2015 912 2041 v.
936 2001 957 2040 7
992 1999 1207 2041 invenitur
1229 1998 1533 2053 ‘hominisque’
1567 1998 1707 2040 minus
1741 2001 1855 2039 recte

300 2087 377 2127 pro
411 2070 760 2126 ‘hominumque’,
791 2087 828 2112 V.
854 2072 906 2112 10
939 2069 1066 2112 ‘dein’
1099 2085 1176 2125 pro
1211 2069 1337 2111 ediei'.

419 2142 469 2184 V.
496 2144 522 2184 8
555 2145 669 2184 reete
702 2142 862 2196 legitur
894 2141 938 2182 in
971 2140 1137 2182 Perotti
1170 2141 1282 2181 libro
1316 2139 1425 2182 ‘vos’
1458 2155 1534 2194 pro
1568 2140 1689 2182 ‘bos’.

419 2214 621 2269 Sequitur
659 2213 777 2254 locus
815 2212 860 2253 in
899 2211 1096 2254 omnibus
1136 2211 1258 2252 libris
1297 2213 1535 2264 corruptus.
1595 2211 1708 2253 Nam
1742 2212 1850 2253 v.11

300 2286 344 2326 in
376 2285 593 2327 codicibus
626 2283 806 2324 Gallicis
839 2282 920 2324 hoo
953 2282 1152 2323 habetur:

468 2410 471 2414 ,
560 2362 775 2408 Frondem
807 2365 1015 2406 bubulcus
1050 2364 1187 2405 adfert
1220 2379 1295 2404 uec
1328 2363 1421 2404 ide-o
1455 2363 1585 2416 videt3

301 2439 344 2479 in
376 2437 617 2479 Perottino:

586 2507 796 2548 Frondem
833 2507 1038 2548 bubulcus
1071 2508 1213 2558 affert3
1244 2506 1351 2546 nihil
1388 2506 1512 2547 videt.

420 2591 571 2632 Altera
609 2590 736 2632 lectio
782 2604 877 2630 cum
915 2604 1000 2630 nou
1038 2589 1175 2642 possit
1214 2589 1388 2630 tolerari
1433 2590 1607 2642 propter
1645 2589 1856 2630 rationem

303 2662 527 2704 metricam
566 2664 609 2702 et
640 2661 741 2716 quia
773 2673 899 2713 aegre
942 2674 1134 2701 caremus
1167 2660 1354 2713 obiecto,
1393 2662 1505 2701 recte
1538 2659 1734 2702 videntur
1766 2675 1856 2702 rem

302 2733 554 2786 instituisse,
586 2732 656 2786 qui
691 2734 870 2785 utroque
902 2730 1150 2772 testimonio
1184 2731 1411 2773 coniuncto
1443 2731 1696 2773 seriberent:

586 2814 800 2856 Frondem
833 2813 1041 2855 bubulcus
1074 2813 1228 2865 adfert3
1262 2814 1321 2855 nil
1355 2813 1449 2855 ideo
1482 2813 1609 2854 videt.

421 2897 486 2938 Ibi
520 2896 648 2939 ‘ideo’
669 2897 829 2938 dictum
863 2897 928 2939 est
961 2896 1132 2938 brevius
1160 2911 1237 2950 pro
1261 2896 1376 2952 ‘quia
1395 2896 1613 2961 adferebat
1635 2894 1857 2939 frondem’.
