<?xml version="1.0" encoding="UTF-8"?>
<!DOCTYPE html PUBLIC "-//W3C//DTD XHTML 1.0 Transitional//EN"
    "http://www.w3.org/TR/xhtml1/DTD/xhtml1-transitional.dtd">
<html xmlns="http://www.w3.org/1999/xhtml" xml:lang="en" lang="en">
 <head>
  <title>
</title>
<meta http-equiv="Content-Type" content="text/html;charset=utf-8" />
  <meta name='ocr-system' content='tesseract 3.04.00' />
  <meta name='ocr-capabilities' content='ocr_page ocr_carea ocr_par ocr_line ocrx_word'/>
</head>
<body>
  <div class='ocr_page' id='page_1' title='image "./fabularumaesopia00phaeuoft_0016.png"; bbox 0 0 2028 3310; ppageno 0'>
   <div class='ocr_carea' id='block_1_1' title="bbox 214 219 1080 256">
    <p class='ocr_par' dir='ltr' id='par_1_1' title="bbox 214 219 1080 256">
     <span class='ocr_line' id='line_1_1' title="bbox 214 219 1080 256; baseline -0.002 0"><span class='ocrx_word' id='word_1_1' title='bbox 214 222 280 256; x_wconf 90' lang='lat' dir='ltr'>XII</span> <span class='ocrx_word' id='word_1_2' title='bbox 872 219 1029 255; x_wconf 88' lang='lat' dir='ltr'>CAPVT</span> <span class='ocrx_word' id='word_1_3' title='bbox 1054 221 1080 254; x_wconf 93' lang='lat' dir='ltr'>I.</span> 
     </span>
    </p>
   </div>
   <div class='ocr_carea' id='block_1_2' title="bbox 213 327 1762 523">
    <p class='ocr_par' dir='ltr' id='par_1_2' title="bbox 213 327 1762 523">
     <span class='ocr_line' id='line_1_2' title="bbox 331 327 1759 382; baseline 0.001 -13"><span class='ocrx_word' id='word_1_4' title='bbox 331 327 558 369; x_wconf 85' lang='lat' dir='ltr'>Praeterea</span> <span class='ocrx_word' id='word_1_5' title='bbox 590 328 840 369; x_wconf 88' lang='lat' dir='ltr'>observatur</span> <span class='ocrx_word' id='word_1_6' title='bbox 870 342 923 369; x_wconf 92' lang='lat' dir='ltr'>ne</span> <span class='ocrx_word' id='word_1_7' title='bbox 957 342 1141 382; x_wconf 65' lang='lat' dir='ltr'>[mquam</span> <span class='ocrx_word' id='word_1_8' title='bbox 1170 343 1246 382; x_wconf 86' lang='lat' dir='ltr'>pes</span> <span class='ocrx_word' id='word_1_9' title='bbox 1267 327 1473 370; x_wconf 86' lang='lat' dir='ltr'>secundus</span> <span class='ocrx_word' id='word_1_10' title='bbox 1507 327 1573 368; x_wconf 86' lang='lat' dir='ltr'>vel</span> <span class='ocrx_word' id='word_1_11' title='bbox 1605 328 1759 370; x_wconf 86' lang='lat' dir='ltr'>tertius</span> 
     </span>
     <span class='ocr_line' id='line_1_3' title="bbox 214 397 1762 453; baseline 0.001 -16"><span class='ocrx_word' id='word_1_12' title='bbox 214 398 301 439; x_wconf 78' lang='lat' dir='ltr'>sive</span> <span class='ocrx_word' id='word_1_13' title='bbox 323 401 498 453; x_wconf 88' lang='lat' dir='ltr'>quartus</span> <span class='ocrx_word' id='word_1_14' title='bbox 520 398 787 439; x_wconf 88' lang='lat' dir='ltr'>contineatur</span> <span class='ocrx_word' id='word_1_15' title='bbox 807 398 889 439; x_wconf 89' lang='lat' dir='ltr'>fine</span> <span class='ocrx_word' id='word_1_16' title='bbox 910 397 1108 439; x_wconf 81' lang='lat' dir='ltr'>vocabuli</span> <span class='ocrx_word' id='word_1_17' title='bbox 1127 398 1172 438; x_wconf 93' lang='lat' dir='ltr'>in</span> <span class='ocrx_word' id='word_1_18' title='bbox 1192 397 1438 452; x_wconf 89' lang='lat' dir='ltr'>spondeum,</span> <span class='ocrx_word' id='word_1_19' title='bbox 1471 401 1762 452; x_wconf 76' lang='lat' dir='ltr'>anapaestum,</span> 
     </span>
     <span class='ocr_line' id='line_1_4' title="bbox 213 467 1697 523; baseline -0.001 -13"><span class='ocrx_word' id='word_1_20' title='bbox 213 469 430 523; x_wconf 89' lang='lat' dir='ltr'>dactylum</span> <span class='ocrx_word' id='word_1_21' title='bbox 463 469 668 510; x_wconf 81' lang='lat' dir='ltr'>exeuntis.</span> <span class='ocrx_word' id='word_1_22' title='bbox 726 467 850 510; x_wconf 88' lang='lat' dir='ltr'>Nulli</span> <span class='ocrx_word' id='word_1_23' title='bbox 880 468 1013 522; x_wconf 91' lang='lat' dir='ltr'>igitur</span> <span class='ocrx_word' id='word_1_24' title='bbox 1043 483 1189 510; x_wconf 86' lang='lat' dir='ltr'>versus</span> <span class='ocrx_word' id='word_1_25' title='bbox 1222 471 1322 510; x_wconf 91' lang='lat' dir='ltr'>sunt</span> <span class='ocrx_word' id='word_1_26' title='bbox 1353 471 1401 509; x_wconf 89' lang='lat' dir='ltr'>ut</span> <span class='ocrx_word' id='word_1_27' title='bbox 1432 470 1537 522; x_wconf 88' lang='lat' dir='ltr'>puta</span> <span class='ocrx_word' id='word_1_28' title='bbox 1567 467 1697 509; x_wconf 89' lang='lat' dir='ltr'>tales:</span> 
     </span>
    </p>
   </div>
   <div class='ocr_carea' id='block_1_3' title="bbox 424 549 1526 745">
    <p class='ocr_par' dir='ltr' id='par_1_3' title="bbox 424 549 1526 745">
     <span class='ocr_line' id='line_1_5' title="bbox 424 549 1526 604; baseline -0.001 -13"><span class='ocrx_word' id='word_1_29' title='bbox 424 551 645 604; x_wconf 74' lang='lat' dir='ltr'>recusavit,</span> <span class='ocrx_word' id='word_1_30' title='bbox 678 550 789 604; x_wconf 89' lang='lat' dir='ltr'>quod</span> <span class='ocrx_word' id='word_1_31' title='bbox 822 550 991 592; x_wconf 88' lang='lat' dir='ltr'>clausae</span> <span class='ocrx_word' id='word_1_32' title='bbox 1024 553 1146 592; x_wconf 86' lang='lat' dir='ltr'>erant</span> <span class='ocrx_word' id='word_1_33' title='bbox 1178 549 1389 592; x_wconf 77' lang='lat' dir='ltr'>stomachi</span> <span class='ocrx_word' id='word_1_34' title='bbox 1421 549 1526 590; x_wconf 81' lang='lat' dir='ltr'>viae.</span> 
     </span>
     <span class='ocr_line' id='line_1_6' title="bbox 425 619 1438 675; baseline -0.002 -14"><span class='ocrx_word' id='word_1_35' title='bbox 425 624 467 661; x_wconf 91' lang='lat' dir='ltr'>et</span> <span class='ocrx_word' id='word_1_36' title='bbox 498 620 695 674; x_wconf 89' lang='lat' dir='ltr'>protinus</span> <span class='ocrx_word' id='word_1_37' title='bbox 727 621 929 662; x_wconf 69' lang='lat' dir='ltr'>auxilium</span> <span class='ocrx_word' id='word_1_38' title='bbox 960 623 1109 675; x_wconf 89' lang='lat' dir='ltr'>petens</span> <span class='ocrx_word' id='word_1_39' title='bbox 1142 635 1266 661; x_wconf 83' lang='lat' dir='ltr'>anser</span> <span class='ocrx_word' id='word_1_40' title='bbox 1298 619 1438 661; x_wconf 88' lang='lat' dir='ltr'>simul.</span> 
     </span>
     <span class='ocr_line' id='line_1_7' title="bbox 424 690 1350 745; baseline 0 -15"><span class='ocrx_word' id='word_1_41' title='bbox 424 690 516 731; x_wconf 86' lang='lat' dir='ltr'>cibo</span> <span class='ocrx_word' id='word_1_42' title='bbox 549 691 800 745; x_wconf 87' lang='lat' dir='ltr'>impleretur</span> <span class='ocrx_word' id='word_1_43' title='bbox 833 692 1046 733; x_wconf 72' lang='lat' dir='ltr'>servitiam</span> <span class='ocrx_word' id='word_1_44' title='bbox 1077 692 1350 745; x_wconf 84' lang='lat' dir='ltr'>negaverant.</span> 
     </span>
    </p>
   </div>
   <div class='ocr_carea' id='block_1_4' title="bbox 211 770 1762 1177">
    <p class='ocr_par' dir='ltr' id='par_1_4' title="bbox 211 770 1761 896">
     <span class='ocr_line' id='line_1_8' title="bbox 211 770 1761 826; baseline 0 -13"><span class='ocrx_word' id='word_1_45' title='bbox 211 771 450 825; x_wconf 85' lang='lat' dir='ltr'>Exemptus</span> <span class='ocrx_word' id='word_1_46' title='bbox 489 775 555 813; x_wconf 88' lang='lat' dir='ltr'>est</span> <span class='ocrx_word' id='word_1_47' title='bbox 586 771 685 813; x_wconf 89' lang='lat' dir='ltr'>huic</span> <span class='ocrx_word' id='word_1_48' title='bbox 720 771 808 826; x_wconf 87' lang='lat' dir='ltr'>legi</span> <span class='ocrx_word' id='word_1_49' title='bbox 840 786 987 814; x_wconf 84' lang='lat' dir='ltr'>versus</span> <span class='ocrx_word' id='word_1_50' title='bbox 1021 771 1312 826; x_wconf 74' lang='lat' dir='ltr'>antiquissimi</span> <span class='ocrx_word' id='word_1_51' title='bbox 1343 773 1496 825; x_wconf 82' lang='lat' dir='ltr'>poetae</span> <span class='ocrx_word' id='word_1_52' title='bbox 1528 770 1656 812; x_wconf 86' lang='lat' dir='ltr'>Ennii</span> <span class='ocrx_word' id='word_1_53' title='bbox 1689 772 1761 825; x_wconf 91' lang='lat' dir='ltr'>qui</span> 
     </span>
     <span class='ocr_line' id='line_1_9' title="bbox 212 834 1080 896; baseline 0.001 -14"><span class='ocrx_word' id='word_1_54' title='bbox 212 841 373 896; x_wconf 89' lang='lat' dir='ltr'>legitur</span> <span class='ocrx_word' id='word_1_55' title='bbox 404 841 449 883; x_wconf 87' lang='lat' dir='ltr'>in</span> <span class='ocrx_word' id='word_1_56' title='bbox 481 841 650 896; x_wconf 84' lang='lat' dir='ltr'>epilogo</span> <span class='ocrx_word' id='word_1_57' title='bbox 683 842 709 883; x_wconf 92' lang='lat' dir='ltr'>l.</span> <span class='ocrx_word' id='word_1_58' title='bbox 741 841 807 883; x_wconf 91' lang='lat' dir='ltr'>III</span> <span class='ocrx_word' id='word_1_59' title='bbox 841 843 947 894; x_wconf 87' lang='lat'><strong>[34].</strong></span> <span class='ocrx_word' id='word_1_60' title='bbox 1078 834 1080 836; x_wconf 55' lang='lat'>,</span> 
     </span>
    </p>

    <p class='ocr_par' dir='ltr' id='par_1_5' title="bbox 211 910 1762 1177">
     <span class='ocr_line' id='line_1_10' title="bbox 327 910 1760 966; baseline -0.001 -13"><span class='ocrx_word' id='word_1_61' title='bbox 327 911 440 961; x_wconf 85' lang='lat' dir='ltr'>Quid</span> <span class='ocrx_word' id='word_1_62' title='bbox 479 912 591 966; x_wconf 90' lang='lat' dir='ltr'>quod</span> <span class='ocrx_word' id='word_1_63' title='bbox 629 915 671 954; x_wconf 87' lang='lat' dir='ltr'>et</span> <span class='ocrx_word' id='word_1_64' title='bbox 702 912 783 954; x_wconf 91' lang='lat' dir='ltr'>hoc</span> <span class='ocrx_word' id='word_1_65' title='bbox 815 913 927 954; x_wconf 87' lang='lat' dir='ltr'>cavit-</span> <span class='ocrx_word' id='word_1_66' title='bbox 958 912 1196 965; x_wconf 73' lang='lat' dir='ltr'>Phaedrus,</span> <span class='ocrx_word' id='word_1_67' title='bbox 1227 925 1279 952; x_wconf 90' lang='lat' dir='ltr'>ne</span> <span class='ocrx_word' id='word_1_68' title='bbox 1311 910 1649 965; x_wconf 86' lang='lat' dir='ltr'>antibacchiaca,</span> <span class='ocrx_word' id='word_1_69' title='bbox 1689 925 1760 953; x_wconf 88' lang='lat' dir='ltr'>ne·</span> 
     </span>
     <span class='ocr_line' id='line_1_11' title="bbox 212 980 1760 1037; baseline -0.001 -15"><span class='ocrx_word' id='word_1_70' title='bbox 212 982 311 1023; x_wconf 90' lang='lat' dir='ltr'>dum</span> <span class='ocrx_word' id='word_1_71' title='bbox 342 982 589 1036; x_wconf 86' lang='lat' dir='ltr'>molossica,</span> <span class='ocrx_word' id='word_1_72' title='bbox 622 997 728 1037; x_wconf 90' lang='lat' dir='ltr'>quae</span> <span class='ocrx_word' id='word_1_73' title='bbox 760 983 805 1023; x_wconf 90' lang='lat' dir='ltr'>in</span> <span class='ocrx_word' id='word_1_74' title='bbox 835 983 975 1036; x_wconf 89' lang='lat' dir='ltr'>prima</span> <span class='ocrx_word' id='word_1_75' title='bbox 1005 983 1213 1023; x_wconf 79' lang='lat' dir='ltr'>haberent</span> <span class='ocrx_word' id='word_1_76' title='bbox 1244 981 1394 1034; x_wconf 88' lang='lat' dir='ltr'>ictum,</span> <span class='ocrx_word' id='word_1_77' title='bbox 1437 981 1482 1021; x_wconf 93' lang='lat' dir='ltr'>in</span> <span class='ocrx_word' id='word_1_78' title='bbox 1511 980 1580 1021; x_wconf 87' lang='lat' dir='ltr'>his</span> <span class='ocrx_word' id='word_1_79' title='bbox 1612 994 1760 1022; x_wconf 87' lang='lat' dir='ltr'>versus</span> 
     </span>
     <span class='ocr_line' id='line_1_12' title="bbox 211 1051 1762 1105; baseline -0.001 -13"><span class='ocrx_word' id='word_1_80' title='bbox 211 1052 406 1105; x_wconf 87' lang='lat' dir='ltr'>partibus</span> <span class='ocrx_word' id='word_1_81' title='bbox 439 1053 632 1098; x_wconf 91' lang='lat' dir='ltr'>elidendo</span> <span class='ocrx_word' id='word_1_82' title='bbox 665 1053 948 1094; x_wconf 85' lang='lat' dir='ltr'>imminueret.</span> <span class='ocrx_word' id='word_1_83' title='bbox 1000 1053 1116 1102; x_wconf 85' lang='lat' dir='ltr'>Quae</span> <span class='ocrx_word' id='word_1_84' title='bbox 1149 1066 1244 1093; x_wconf 90' lang='lat' dir='ltr'>cum</span> <span class='ocrx_word' id='word_1_85' title='bbox 1275 1052 1337 1093; x_wconf 89' lang='lat' dir='ltr'>ita</span> <span class='ocrx_word' id='word_1_86' title='bbox 1369 1051 1472 1101; x_wconf 74' lang='lat' dir='ltr'>sint,</span> <span class='ocrx_word' id='word_1_87' title='bbox 1504 1064 1588 1092; x_wconf 90' lang='lat' dir='ltr'>non</span> <span class='ocrx_word' id='word_1_88' title='bbox 1619 1051 1762 1104; x_wconf 89' lang='lat' dir='ltr'>potuit</span> 
     </span>
     <span class='ocr_line' id='line_1_13' title="bbox 213 1120 1595 1177; baseline -0.001 -14"><span class='ocrx_word' id='word_1_89' title='bbox 213 1122 390 1175; x_wconf 83' lang='lat' dir='ltr'>servari,</span> <span class='ocrx_word' id='word_1_90' title='bbox 424 1123 534 1176; x_wconf 89' lang='lat' dir='ltr'>quod</span> <span class='ocrx_word' id='word_1_91' title='bbox 568 1123 671 1164; x_wconf 91' lang='lat' dir='ltr'>olim</span> <span class='ocrx_word' id='word_1_92' title='bbox 703 1123 843 1177; x_wconf 78' lang='lat' dir='ltr'>recepi</span> <span class='ocrx_word' id='word_1_93' title='bbox 876 1126 1045 1164; x_wconf 87' lang='lat' dir='ltr'>secutus</span> <span class='ocrx_word' id='word_1_94' title='bbox 1078 1122 1321 1164; x_wconf 86' lang='lat' dir='ltr'>Bentleium</span> <span class='ocrx_word' id='word_1_95' title='bbox 1354 1120 1410 1173; x_wconf 91' lang='lat' dir='ltr'>[I‚</span> <span class='ocrx_word' id='word_1_96' title='bbox 1441 1121 1506 1174; x_wconf 84' lang='lat'>14,</span> <span class='ocrx_word' id='word_1_97' title='bbox 1533 1120 1595 1172; x_wconf 85' lang='lat'>8]:</span> 
     </span>
    </p>
   </div>
   <div class='ocr_carea' id='block_1_5' title="bbox 553 1203 1401 1247">
    <p class='ocr_par' dir='ltr' id='par_1_6' title="bbox 553 1203 1401 1247">
     <span class='ocr_line' id='line_1_14' title="bbox 553 1203 1401 1247; baseline -0.002 -1"><span class='ocrx_word' id='word_1_98' title='bbox 553 1205 747 1247; x_wconf 82' lang='lat' dir='ltr'>antidoto</span> <span class='ocrx_word' id='word_1_99' title='bbox 780 1206 944 1247; x_wconf 76' lang='lat' dir='ltr'>miscere</span> <span class='ocrx_word' id='word_1_100' title='bbox 974 1205 1091 1246; x_wconf 88' lang='lat' dir='ltr'>illius</span> <span class='ocrx_word' id='word_1_101' title='bbox 1124 1219 1169 1246; x_wconf 90' lang='lat' dir='ltr'>se</span> <span class='ocrx_word' id='word_1_102' title='bbox 1199 1203 1401 1245; x_wconf 85' lang='lat' dir='ltr'>toxicum.</span> 
     </span>
    </p>
   </div>
   <div class='ocr_carea' id='block_1_6' title="bbox 210 1284 1763 1777">
    <p class='ocr_par' dir='ltr' id='par_1_7' title="bbox 210 1284 1763 1777">
     <span class='ocr_line' id='line_1_15' title="bbox 210 1284 1762 1342; baseline -0.002 -14"><span class='ocrx_word' id='word_1_103' title='bbox 210 1287 299 1328; x_wconf 88' lang='lat' dir='ltr'>Nec</span> <span class='ocrx_word' id='word_1_104' title='bbox 332 1287 469 1342; x_wconf 86' lang='lat' dir='ltr'>magis</span> <span class='ocrx_word' id='word_1_105' title='bbox 502 1287 720 1328; x_wconf 85' lang='lat' dir='ltr'>trochaica</span> <span class='ocrx_word' id='word_1_106' title='bbox 758 1290 831 1328; x_wconf 88' lang='lat' dir='ltr'>aut</span> <span class='ocrx_word' id='word_1_107' title='bbox 868 1286 1074 1328; x_wconf 85' lang='lat' dir='ltr'>tribrevia</span> <span class='ocrx_word' id='word_1_108' title='bbox 1111 1286 1283 1341; x_wconf 80' lang='lat' dir='ltr'>(nedum</span> <span class='ocrx_word' id='word_1_109' title='bbox 1317 1284 1547 1339; x_wconf 88' lang='lat' dir='ltr'>spondiaca</span> <span class='ocrx_word' id='word_1_110' title='bbox 1584 1286 1627 1326; x_wconf 91' lang='lat' dir='ltr'>et</span> <span class='ocrx_word' id='word_1_111' title='bbox 1665 1299 1762 1326; x_wconf 86' lang='lat' dir='ltr'>ana.-</span> 
     </span>
     <span class='ocr_line' id='line_1_16' title="bbox 210 1355 1762 1412; baseline -0.001 -14"><span class='ocrx_word' id='word_1_112' title='bbox 210 1356 431 1411; x_wconf 80' lang='lat' dir='ltr'>paestica),</span> <span class='ocrx_word' id='word_1_113' title='bbox 464 1372 570 1412; x_wconf 86' lang='lat' dir='ltr'>quae</span> <span class='ocrx_word' id='word_1_114' title='bbox 602 1372 688 1399; x_wconf 89' lang='lat' dir='ltr'>non</span> <span class='ocrx_word' id='word_1_115' title='bbox 718 1357 879 1400; x_wconf 87' lang='lat' dir='ltr'>habent</span> <span class='ocrx_word' id='word_1_116' title='bbox 905 1358 1050 1411; x_wconf 86' lang='lat' dir='ltr'>ictum,</span> <span class='ocrx_word' id='word_1_117' title='bbox 1083 1357 1223 1399; x_wconf 88' lang='lat' dir='ltr'>solent</span> <span class='ocrx_word' id='word_1_118' title='bbox 1250 1355 1351 1397; x_wconf 90' lang='lat' dir='ltr'>elidi</span> <span class='ocrx_word' id='word_1_119' title='bbox 1370 1356 1415 1397; x_wconf 92' lang='lat' dir='ltr'>in</span> <span class='ocrx_word' id='word_1_120' title='bbox 1433 1355 1547 1397; x_wconf 85' lang='lat' dir='ltr'>thesi</span> <span class='ocrx_word' id='word_1_121' title='bbox 1567 1356 1762 1410; x_wconf 88' lang='lat' dir='ltr'>secunda,</span> 
     </span>
     <span class='ocr_line' id='line_1_17' title="bbox 211 1426 1761 1482; baseline -0.001 -14"><span class='ocrx_word' id='word_1_122' title='bbox 211 1428 350 1481; x_wconf 87' lang='lat' dir='ltr'>tertia,</span> <span class='ocrx_word' id='word_1_123' title='bbox 389 1431 553 1482; x_wconf 87' lang='lat' dir='ltr'>quarta,</span> <span class='ocrx_word' id='word_1_124' title='bbox 591 1432 762 1482; x_wconf 89' lang='lat' dir='ltr'>praeter</span> <span class='ocrx_word' id='word_1_125' title='bbox 792 1428 940 1470; x_wconf 85' lang='lat' dir='ltr'>finales</span> <span class='ocrx_word' id='word_1_126' title='bbox 983 1444 1007 1469; x_wconf 90' lang='lat' dir='ltr'>a</span> <span class='ocrx_word' id='word_1_127' title='bbox 1039 1428 1170 1469; x_wconf 84' lang='lat' dir='ltr'>solita</span> <span class='ocrx_word' id='word_1_128' title='bbox 1199 1427 1420 1468; x_wconf 88' lang='lat' dir='ltr'>nominum</span> <span class='ocrx_word' id='word_1_129' title='bbox 1459 1429 1501 1467; x_wconf 90' lang='lat' dir='ltr'>et</span> <span class='ocrx_word' id='word_1_130' title='bbox 1532 1426 1761 1467; x_wconf 87' lang='lat' dir='ltr'>verborum</span> 
     </span>
     <span class='ocr_line' id='line_1_18' title="bbox 211 1495 1763 1552; baseline 0 -14"><span class='ocrx_word' id='word_1_131' title='bbox 211 1497 391 1539; x_wconf 82' lang='lat' dir='ltr'>flexione</span> <span class='ocrx_word' id='word_1_132' title='bbox 424 1497 604 1551; x_wconf 88' lang='lat' dir='ltr'>alienas,</span> <span class='ocrx_word' id='word_1_133' title='bbox 643 1499 790 1552; x_wconf 82' lang='lat' dir='ltr'>quales</span> <span class='ocrx_word' id='word_1_134' title='bbox 824 1501 924 1539; x_wconf 88' lang='lat' dir='ltr'>sunt</span> <span class='ocrx_word' id='word_1_135' title='bbox 960 1499 1005 1539; x_wconf 90' lang='lat' dir='ltr'>in</span> <span class='ocrx_word' id='word_1_136' title='bbox 1036 1498 1124 1539; x_wconf 85' lang='lat' dir='ltr'>illis</span> <span class='ocrx_word' id='word_1_137' title='bbox 1152 1495 1399 1551; x_wconf 70' lang='lat' dir='ltr'>‘quoniam&#39;,</span> <span class='ocrx_word' id='word_1_138' title='bbox 1438 1495 1593 1548; x_wconf 76' lang='lat' dir='ltr'>‘idem’,</span> <span class='ocrx_word' id='word_1_139' title='bbox 1626 1496 1763 1551; x_wconf 72' lang='lat' dir='ltr'>‘esse’,</span> 
     </span>
     <span class='ocr_line' id='line_1_19' title="bbox 213 1567 1532 1623; baseline -0.002 -14"><span class='ocrx_word' id='word_1_140' title='bbox 213 1567 371 1623; x_wconf 78' lang='lat' dir='ltr'>‘atque’</span> <span class='ocrx_word' id='word_1_141' title='bbox 407 1567 460 1622; x_wconf 88' lang='lat' dir='ltr'>[I,</span> <span class='ocrx_word' id='word_1_142' title='bbox 488 1569 526 1622; x_wconf 98' lang='grc'>2,</span> <span class='ocrx_word' id='word_1_143' title='bbox 553 1569 625 1621; x_wconf 82' lang='grc'>23;</span> <span class='ocrx_word' id='word_1_144' title='bbox 658 1567 732 1621; x_wconf 89' lang='lat' dir='ltr'>IV,</span> <span class='ocrx_word' id='word_1_145' title='bbox 759 1569 826 1622; x_wconf 89' lang='grc'>26,</span> <span class='ocrx_word' id='word_1_146' title='bbox 853 1569 897 1621; x_wconf 80' lang='grc'>4;</span> <span class='ocrx_word' id='word_1_147' title='bbox 934 1568 999 1621; x_wconf 85' lang='grc'>13,</span> <span class='ocrx_word' id='word_1_148' title='bbox 1028 1569 1070 1621; x_wconf 80' lang='lat'>13</span> <span class='ocrx_word' id='word_1_149' title='bbox 1103 1568 1172 1622; x_wconf 81' lang='grc'>25,</span> <span class='ocrx_word' id='word_1_150' title='bbox 1197 1568 1241 1621; x_wconf 76' lang='lat'>93</span> <span class='ocrx_word' id='word_1_151' title='bbox 1274 1567 1354 1621; x_wconf 86' lang='lat' dir='ltr'>VI,</span> <span class='ocrx_word' id='word_1_152' title='bbox 1380 1568 1419 1620; x_wconf 79' lang='lat'>4,</span> <span class='ocrx_word' id='word_1_153' title='bbox 1447 1567 1532 1619; x_wconf 83' lang='grc'>20].</span> 
     </span>
     <span class='ocr_line' id='line_1_20' title="bbox 329 1637 1763 1694; baseline -0.001 -14"><span class='ocrx_word' id='word_1_154' title='bbox 329 1638 513 1680; x_wconf 79' lang='lat' dir='ltr'>Caesura-</span> <span class='ocrx_word' id='word_1_155' title='bbox 544 1639 672 1693; x_wconf 84' lang='lat' dir='ltr'>longe</span> <span class='ocrx_word' id='word_1_156' title='bbox 705 1639 1053 1694; x_wconf 87' lang='lat' dir='ltr'>frequentissima</span> <span class='ocrx_word' id='word_1_157' title='bbox 1080 1641 1145 1680; x_wconf 88' lang='lat' dir='ltr'>est</span> <span class='ocrx_word' id='word_1_158' title='bbox 1163 1637 1522 1692; x_wconf 79' lang='lat' dir='ltr'>penthemimeres</span> <span class='ocrx_word' id='word_1_159' title='bbox 1544 1637 1663 1679; x_wconf 74' lang='lat' dir='ltr'>velut</span> <span class='ocrx_word' id='word_1_160' title='bbox 1682 1638 1763 1680; x_wconf 87' lang='lat' dir='ltr'>ita:</span> 
     </span>
     <span class='ocr_line' id='line_1_21' title="bbox 425 1720 1454 1777; baseline -0.002 -14"><span class='ocrx_word' id='word_1_161' title='bbox 425 1721 622 1776; x_wconf 88' lang='lat' dir='ltr'>Aesopus</span> <span class='ocrx_word' id='word_1_162' title='bbox 655 1725 803 1763; x_wconf 77' lang='lat' dir='ltr'>auctor</span> <span class='ocrx_word' id='word_1_163' title='bbox 831 1720 835 1777; x_wconf 98' lang='grc' dir='ltr'>Ι</span> <span class='ocrx_word' id='word_1_164' title='bbox 865 1736 993 1776; x_wconf 84' lang='lat' dir='ltr'>quam</span> <span class='ocrx_word' id='word_1_165' title='bbox 1025 1721 1251 1763; x_wconf 81' lang='lat' dir='ltr'>materiam</span> <span class='ocrx_word' id='word_1_166' title='bbox 1283 1721 1454 1774; x_wconf 82' lang='lat' dir='ltr'>reperit.</span> 
     </span>
    </p>
   </div>
   <div class='ocr_carea' id='block_1_7' title="bbox 211 1802 1762 1929">
    <p class='ocr_par' dir='ltr' id='par_1_8' title="bbox 211 1802 1762 1929">
     <span class='ocr_line' id='line_1_22' title="bbox 211 1802 1762 1858; baseline -0.001 -14"><span class='ocrx_word' id='word_1_167' title='bbox 211 1806 329 1853; x_wconf 70' lang='lat' dir='ltr'>Quae</span> <span class='ocrx_word' id='word_1_168' title='bbox 361 1805 396 1845; x_wconf 74' lang='lat' dir='ltr'>si</span> <span class='ocrx_word' id='word_1_169' title='bbox 429 1819 515 1845; x_wconf 92' lang='lat' dir='ltr'>non</span> <span class='ocrx_word' id='word_1_170' title='bbox 554 1804 691 1858; x_wconf 83' lang='lat' dir='ltr'>adest,</span> <span class='ocrx_word' id='word_1_171' title='bbox 734 1804 1128 1858; x_wconf 84' lang='lat' dir='ltr'>hephthemimeres</span> <span class='ocrx_word' id='word_1_172' title='bbox 1161 1803 1387 1845; x_wconf 84' lang='lat' dir='ltr'>adhibetur</span> <span class='ocrx_word' id='word_1_173' title='bbox 1429 1817 1524 1844; x_wconf 86' lang='lat' dir='ltr'>cum</span> <span class='ocrx_word' id='word_1_174' title='bbox 1555 1802 1762 1844; x_wconf 86' lang='lat' dir='ltr'>incisione</span> 
     </span>
     <span class='ocr_line' id='line_1_23' title="bbox 211 1875 768 1929; baseline 0.005 -16"><span class='ocrx_word' id='word_1_175' title='bbox 211 1878 307 1928; x_wconf 79' lang='lat' dir='ltr'>post</span> <span class='ocrx_word' id='word_1_176' title='bbox 339 1876 567 1916; x_wconf 82' lang='lat' dir='ltr'>secundum</span> <span class='ocrx_word' id='word_1_177' title='bbox 600 1875 768 1929; x_wconf 87' lang='lat' dir='ltr'>pedem:</span> 
     </span>
    </p>
   </div>
   <div class='ocr_carea' id='block_1_8' title="bbox 423 1956 1539 2012">
    <p class='ocr_par' dir='ltr' id='par_1_9' title="bbox 423 1956 1539 2012">
     <span class='ocr_line' id='line_1_24' title="bbox 423 1956 1539 2012; baseline -0.002 -14"><span class='ocrx_word' id='word_1_178' title='bbox 423 1958 534 2012; x_wconf 86' lang='lat' dir='ltr'>quod</span> <span class='ocrx_word' id='word_1_179' title='bbox 567 1958 740 2000; x_wconf 88' lang='lat' dir='ltr'>arbores</span> <span class='ocrx_word' id='word_1_180' title='bbox 769 1957 774 2011; x_wconf 95' lang='grc' dir='ltr'>Ι</span> <span class='ocrx_word' id='word_1_181' title='bbox 804 1958 1033 2011; x_wconf 85' lang='lat' dir='ltr'>loquantur</span> <span class='ocrx_word' id='word_1_182' title='bbox 1062 1960 1066 2012; x_wconf 95' lang='grc' dir='ltr'>Ι</span> <span class='ocrx_word' id='word_1_183' title='bbox 1095 1972 1180 1998; x_wconf 90' lang='lat' dir='ltr'>non</span> <span class='ocrx_word' id='word_1_184' title='bbox 1211 1958 1380 1998; x_wconf 88' lang='lat' dir='ltr'>tantum</span> <span class='ocrx_word' id='word_1_185' title='bbox 1413 1956 1539 1997; x_wconf 81' lang='lat' dir='ltr'>serae.</span> 
     </span>
    </p>
   </div>
   <div class='ocr_carea' id='block_1_9' title="bbox 211 2037 1763 2152">
    <p class='ocr_par' dir='ltr' id='par_1_10' title="bbox 211 2037 1763 2152">
     <span class='ocr_line' id='line_1_25' title="bbox 211 2037 1763 2096; baseline -0.001 -17"><span class='ocrx_word' id='word_1_186' title='bbox 211 2038 328 2080; x_wconf 88' lang='lat' dir='ltr'>Haec</span> <span class='ocrx_word' id='word_1_187' title='bbox 360 2042 504 2094; x_wconf 84' lang='lat' dir='ltr'>potest</span> <span class='ocrx_word' id='word_1_188' title='bbox 536 2041 717 2096; x_wconf 82' lang='lat' dir='ltr'>neglegi,</span> <span class='ocrx_word' id='word_1_189' title='bbox 750 2041 785 2082; x_wconf 87' lang='lat' dir='ltr'>si</span> <span class='ocrx_word' id='word_1_190' title='bbox 818 2042 899 2082; x_wconf 88' lang='lat' dir='ltr'>duo</span> <span class='ocrx_word' id='word_1_191' title='bbox 926 2043 1025 2094; x_wconf 85' lang='lat' dir='ltr'>post</span> <span class='ocrx_word' id='word_1_192' title='bbox 1052 2039 1279 2081; x_wconf 85' lang='lat' dir='ltr'>secundam</span> <span class='ocrx_word' id='word_1_193' title='bbox 1299 2039 1440 2080; x_wconf 89' lang='lat' dir='ltr'>thesin</span> <span class='ocrx_word' id='word_1_194' title='bbox 1468 2037 1658 2080; x_wconf 83' lang='lat' dir='ltr'>trochaei</span> <span class='ocrx_word' id='word_1_195' title='bbox 1681 2052 1763 2079; x_wconf 89' lang='lat' dir='ltr'>uno</span> 
     </span>
     <span class='ocr_line' id='line_1_26' title="bbox 212 2109 766 2152; baseline 0.002 -2"><span class='ocrx_word' id='word_1_196' title='bbox 212 2109 510 2151; x_wconf 78' lang='lat' dir='ltr'>contineantur</span> <span class='ocrx_word' id='word_1_197' title='bbox 542 2110 766 2152; x_wconf 89' lang='lat' dir='ltr'>vocabulo:</span> 
     </span>
    </p>
   </div>
   <div class='ocr_carea' id='block_1_10' title="bbox 495 2189 1439 2233">
    <p class='ocr_par' dir='ltr' id='par_1_11' title="bbox 495 2189 1439 2233">
     <span class='ocr_line' id='line_1_27' title="bbox 495 2189 1439 2233; baseline 0 -1"><span class='ocrx_word' id='word_1_198' title='bbox 495 2206 589 2233; x_wconf 91' lang='lat' dir='ltr'>cum</span> <span class='ocrx_word' id='word_1_199' title='bbox 622 2192 791 2232; x_wconf 80' lang='lat' dir='ltr'>tristem</span> <span class='ocrx_word' id='word_1_200' title='bbox 825 2192 1076 2233; x_wconf 85' lang='lat' dir='ltr'>servitutem</span> <span class='ocrx_word' id='word_1_201' title='bbox 1109 2191 1259 2233; x_wconf 84' lang='lat' dir='ltr'>fierent</span> <span class='ocrx_word' id='word_1_202' title='bbox 1291 2189 1439 2232; x_wconf 87' lang='lat' dir='ltr'>Attici.</span> 
     </span>
    </p>
   </div>
   <div class='ocr_carea' id='block_1_11' title="bbox 211 2273 1763 2550">
    <p class='ocr_par' dir='ltr' id='par_1_12' title="bbox 211 2273 1763 2398">
     <span class='ocr_line' id='line_1_28' title="bbox 212 2273 1763 2328; baseline 0.001 -14"><span class='ocrx_word' id='word_1_203' title='bbox 212 2273 394 2315; x_wconf 84' lang='lat' dir='ltr'>Restant</span> <span class='ocrx_word' id='word_1_204' title='bbox 425 2274 506 2315; x_wconf 89' lang='lat' dir='ltr'>duo</span> <span class='ocrx_word' id='word_1_205' title='bbox 539 2288 684 2315; x_wconf 86' lang='lat' dir='ltr'>versus</span> <span class='ocrx_word' id='word_1_206' title='bbox 719 2274 790 2328; x_wconf 87' lang='lat' dir='ltr'>qui</span> <span class='ocrx_word' id='word_1_207' title='bbox 824 2288 1042 2315; x_wconf 85' lang='lat' dir='ltr'>caesuram</span> <span class='ocrx_word' id='word_1_208' title='bbox 1075 2273 1236 2314; x_wconf 87' lang='lat' dir='ltr'>habent</span> <span class='ocrx_word' id='word_1_209' title='bbox 1268 2275 1367 2327; x_wconf 87' lang='lat' dir='ltr'>post</span> <span class='ocrx_word' id='word_1_210' title='bbox 1399 2274 1763 2327; x_wconf 84' lang='lat' dir='ltr'>praepositionem</span> 
     </span>
     <span class='ocr_line' id='line_1_29' title="bbox 211 2344 1160 2398; baseline 0 -14"><span class='ocrx_word' id='word_1_211' title='bbox 211 2344 329 2385; x_wconf 80' lang='lat' dir='ltr'>verbi</span> <span class='ocrx_word' id='word_1_212' title='bbox 362 2344 588 2398; x_wconf 87' lang='lat' dir='ltr'>compositi</span> <span class='ocrx_word' id='word_1_213' title='bbox 622 2344 723 2397; x_wconf 68' lang='lat' dir='ltr'>[HL</span> <span class='ocrx_word' id='word_1_214' title='bbox 760 2346 822 2398; x_wconf 77' lang='lat'>15,</span> <span class='ocrx_word' id='word_1_215' title='bbox 848 2346 892 2397; x_wconf 66' lang='grc' dir='ltr'>ὅ,</span> <span class='ocrx_word' id='word_1_216' title='bbox 927 2344 976 2398; x_wconf 78' lang='lat' dir='ltr'>V,</span> <span class='ocrx_word' id='word_1_217' title='bbox 1004 2345 1041 2397; x_wconf 79' lang='lat'>7,</span> <span class='ocrx_word' id='word_1_218' title='bbox 1072 2344 1160 2396; x_wconf 78' lang='lat'>19]:</span> 
     </span>
    </p>

    <p class='ocr_par' dir='ltr' id='par_1_13' title="bbox 424 2425 1461 2479">
     <span class='ocr_line' id='line_1_30' title="bbox 424 2425 1461 2479; baseline -0.001 -12"><span class='ocrx_word' id='word_1_219' title='bbox 424 2426 652 2467; x_wconf 84' lang='lat' dir='ltr'>novissime</span> <span class='ocrx_word' id='word_1_220' title='bbox 728 2426 976 2479; x_wconf 87' lang='lat' dir='ltr'>prolapsam</span> <span class='ocrx_word' id='word_1_221' title='bbox 1009 2425 1206 2467; x_wconf 84' lang='lat' dir='ltr'>effundit</span> <span class='ocrx_word' id='word_1_222' title='bbox 1240 2425 1461 2467; x_wconf 76' lang='lat' dir='ltr'>sarcinam.</span> 
     </span>
    </p>

    <p class='ocr_par' dir='ltr' id='par_1_14' title="bbox 423 2495 1266 2550">
     <span class='ocr_line' id='line_1_31' title="bbox 423 2495 1266 2550; baseline -0.001 -13"><span class='ocrx_word' id='word_1_223' title='bbox 423 2496 516 2550; x_wconf 85' lang='lat' dir='ltr'>ipso</span> <span class='ocrx_word' id='word_1_224' title='bbox 549 2496 743 2538; x_wconf 86' lang='lat' dir='ltr'>ludorum</span> <span class='ocrx_word' id='word_1_225' title='bbox 777 2495 1034 2537; x_wconf 72' lang='lat' dir='ltr'>ostenderet</span> <span class='ocrx_word' id='word_1_226' title='bbox 1065 2511 1156 2537; x_wconf 80' lang='lat' dir='ltr'>sese</span> <span class='ocrx_word' id='word_1_227' title='bbox 1189 2495 1266 2536; x_wconf 87' lang='lat' dir='ltr'>die.</span> 
     </span>
    </p>
   </div>
   <div class='ocr_carea' id='block_1_12' title="bbox 210 2569 1764 2985">
    <p class='ocr_par' dir='ltr' id='par_1_15' title="bbox 210 2569 1764 2985">
     <span class='ocr_line' id='line_1_32' title="bbox 330 2569 1761 2635; baseline 0.003 -17"><span class='ocrx_word' id='word_1_228' title='bbox 330 2578 544 2632; x_wconf 66' lang='lat' dir='ltr'>Synizesis</span> <span class='ocrx_word' id='word_1_229' title='bbox 578 2578 751 2620; x_wconf 86' lang='lat' dir='ltr'>licentia</span> <span class='ocrx_word' id='word_1_230' title='bbox 770 2577 1012 2632; x_wconf 86' lang='lat' dir='ltr'>permodica</span> <span class='ocrx_word' id='word_1_231' title='bbox 1036 2578 1144 2632; x_wconf 78' lang='lat' dir='ltr'>apud</span> <span class='ocrx_word' id='word_1_232' title='bbox 1167 2569 1405 2619; x_wconf 77' lang='lat' dir='ltr'>Phaedrum</span> <span class='ocrx_word' id='word_1_233' title='bbox 1433 2593 1507 2620; x_wconf 88' lang='lat' dir='ltr'>nec</span> <span class='ocrx_word' id='word_1_234' title='bbox 1529 2580 1614 2621; x_wconf 83' lang='lat' dir='ltr'>alia</span> <span class='ocrx_word' id='word_1_235' title='bbox 1634 2596 1761 2635; x_wconf 85' lang='lat' dir='ltr'>quam</span> 
     </span>
     <span class='ocr_line' id='line_1_33' title="bbox 212 2648 1761 2704; baseline 0.005 -18"><span class='ocrx_word' id='word_1_236' title='bbox 212 2649 474 2702; x_wconf 71' lang='lat' dir='ltr'>optimorum</span> <span class='ocrx_word' id='word_1_237' title='bbox 514 2663 560 2689; x_wconf 81' lang='lat' dir='ltr'>ex</span> <span class='ocrx_word' id='word_1_238' title='bbox 602 2649 861 2703; x_wconf 73' lang='lat' dir='ltr'>aequalibus.</span> <span class='ocrx_word' id='word_1_239' title='bbox 933 2648 995 2689; x_wconf 69' lang='lat' dir='ltr'>Ad</span> <span class='ocrx_word' id='word_1_240' title='bbox 1038 2649 1247 2701; x_wconf 66' lang='lat' dir='ltr'>elisionis,</span> <span class='ocrx_word' id='word_1_241' title='bbox 1297 2664 1425 2703; x_wconf 83' lang='lat' dir='ltr'>quam</span> <span class='ocrx_word' id='word_1_242' title='bbox 1470 2663 1625 2704; x_wconf 79' lang='lat' dir='ltr'>magua</span> <span class='ocrx_word' id='word_1_243' title='bbox 1667 2667 1761 2693; x_wconf 82' lang='lat' dir='ltr'>cum</span> 
     </span>
     <span class='ocr_line' id='line_1_34' title="bbox 212 2719 1763 2773; baseline 0.003 -13"><span class='ocrx_word' id='word_1_244' title='bbox 212 2735 311 2760; x_wconf 69' lang='lat' dir='ltr'>vura</span> <span class='ocrx_word' id='word_1_245' title='bbox 343 2719 538 2761; x_wconf 82' lang='lat' dir='ltr'>adhibuit</span> <span class='ocrx_word' id='word_1_246' title='bbox 570 2719 700 2772; x_wconf 76' lang='lat' dir='ltr'>idom,</span> <span class='ocrx_word' id='word_1_247' title='bbox 733 2719 923 2773; x_wconf 80' lang='lat' dir='ltr'>exemplu</span> <span class='ocrx_word' id='word_1_248' title='bbox 961 2720 1180 2761; x_wconf 75' lang='lat' dir='ltr'>minuenda</span> <span class='ocrx_word' id='word_1_249' title='bbox 1216 2720 1399 2773; x_wconf 88' lang='lat' dir='ltr'>primum</span> <span class='ocrx_word' id='word_1_250' title='bbox 1433 2720 1666 2773; x_wconf 77' lang='lat' dir='ltr'>diligenter</span> <span class='ocrx_word' id='word_1_251' title='bbox 1697 2725 1763 2764; x_wconf 84' lang='lat' dir='ltr'>est</span> 
     </span>
     <span class='ocr_line' id='line_1_35' title="bbox 212 2790 1762 2845; baseline 0.004 -17"><span class='ocrx_word' id='word_1_252' title='bbox 212 2790 519 2839; x_wconf 47' lang='lat' dir='ltr'>observandum</span> <span class='ocrx_word' id='word_1_253' title='bbox 555 2790 710 2844; x_wconf 69' lang='lat' dir='ltr'>ubique</span> <span class='ocrx_word' id='word_1_254' title='bbox 743 2790 854 2844; x_wconf 84' lang='lat' dir='ltr'>apud</span> <span class='ocrx_word' id='word_1_255' title='bbox 888 2804 981 2831; x_wconf 87' lang='lat' dir='ltr'>eum</span> <span class='ocrx_word' id='word_1_256' title='bbox 1016 2791 1125 2831; x_wconf 73' lang='lat' dir='ltr'>sicut</span> <span class='ocrx_word' id='word_1_257' title='bbox 1159 2791 1268 2844; x_wconf 76' lang='lat' dir='ltr'>apud</span> <span class='ocrx_word' id='word_1_258' title='bbox 1296 2790 1484 2845; x_wconf 82' lang='lat' dir='ltr'>reliquos</span> <span class='ocrx_word' id='word_1_259' title='bbox 1514 2795 1665 2845; x_wconf 82' lang='lat' dir='ltr'>poetas</span> <span class='ocrx_word' id='word_1_260' title='bbox 1687 2792 1762 2834; x_wconf 83' lang='lat' dir='ltr'>La-</span> 
     </span>
     <span class='ocr_line' id='line_1_36' title="bbox 210 2860 1764 2918; baseline 0.003 -17"><span class='ocrx_word' id='word_1_261' title='bbox 210 2861 325 2901; x_wconf 82' lang='lat' dir='ltr'>tinos</span> <span class='ocrx_word' id='word_1_262' title='bbox 366 2861 483 2901; x_wconf 86' lang='lat' dir='ltr'>verbi</span> <span class='ocrx_word' id='word_1_263' title='bbox 523 2861 741 2902; x_wconf 66' lang='lat' dir='ltr'>auxiliaris</span> <span class='ocrx_word' id='word_1_264' title='bbox 782 2860 877 2902; x_wconf 77' lang='lat' dir='ltr'>‘est&#39;</span> <span class='ocrx_word' id='word_1_265' title='bbox 910 2861 1020 2902; x_wconf 88' lang='lat' dir='ltr'>demi</span> <span class='ocrx_word' id='word_1_266' title='bbox 1061 2862 1194 2902; x_wconf 71' lang='lat' dir='ltr'>vocali</span> <span class='ocrx_word' id='word_1_267' title='bbox 1240 2861 1303 2902; x_wconf 90' lang='lat' dir='ltr'>vel</span> <span class='ocrx_word' id='word_1_268' title='bbox 1346 2876 1385 2902; x_wconf 88' lang='lat' dir='ltr'>m</span> <span class='ocrx_word' id='word_1_269' title='bbox 1426 2876 1612 2904; x_wconf 85' lang='lat' dir='ltr'>consona</span> <span class='ocrx_word' id='word_1_270' title='bbox 1644 2877 1764 2918; x_wconf 77' lang='lat' dir='ltr'>prae-</span> 
     </span>
     <span class='ocr_line' id='line_1_37' title="bbox 211 2931 843 2985; baseline 0 -12"><span class='ocrx_word' id='word_1_271' title='bbox 211 2931 384 2973; x_wconf 81' lang='lat' dir='ltr'>cedente</span> <span class='ocrx_word' id='word_1_272' title='bbox 420 2931 598 2985; x_wconf 80' lang='lat' dir='ltr'>primam</span> <span class='ocrx_word' id='word_1_273' title='bbox 634 2931 843 2973; x_wconf 85' lang='lat' dir='ltr'>litteram:</span> 
     </span>
    </p>
   </div>
  </div>
 </body>
</html>
