2028 3310
783 239 1038 277 APPEND1X.
1631 240 1682 280 81

867 348 958 390 XX.

650 419 843 463 [VRSVS
868 418 1174 463 ESVRIENS.]

492 487 658 533 [Famem
685 498 814 522 acuere
839 487 1089 522 animantibus
1116 487 1333 532 ingenium]

421 559 635 614 Siquando
668 560 712 600 in
744 560 865 601 silvis
900 574 998 600 urso
1031 560 1185 600 desunt
1216 560 1375 614 copiae,

349 629 631 682 Scopulosum
659 629 710 670 ad
738 629 862 670 littus
890 630 1021 671 currit
1048 632 1091 670 et
1116 629 1325 683 prendens
1352 632 1518 683 petram

348 699 492 740 Pilosa
524 713 648 740 crura
679 699 835 740 sensim
868 699 1058 740 demittit
1090 699 1216 751 vado3

348 763 538 819 Quorum
564 770 675 811 inter
701 770 828 812 villos
856 770 995 812 cancri
1023 770 1150 810 simul
1178 770 1475 822 adhaeserunt,

348 841 397 882 In
423 846 583 882 terram
610 840 826 894 abripiens
854 841 1016 882 excutit
1047 841 1251 894 praedam
1277 841 1407 882 maris

346 911 541 964 Escaque
574 910 729 951 fruitur
760 910 923 963 passim
955 910 1135 951 collecta
1166 910 1296 951 vafer.

419 982 535 1035 Ergo
570 981 699 1022 etiam
732 981 877 1021 stultis
911 981 1025 1021 acuit
1058 981 1276 1035 ingenium
1303 981 1451 1022 fames.

854 1109 967 1151 XXI.

613 1179 843 1223 [VIA‘POR
867 1181 938 1213 ΕΤ
965 1178 1210 1223 CORVVS.]

436 1250 582 1294 [Verbis
609 1261 874 1294 saepenumero
900 1249 1023 1294 decipi
1048 1249 1165 1284 solere
1191 1248 1387 1293 homines.]

419 1322 600 1371 Quidam
632 1337 707 1377 per
740 1336 867 1377 agros
901 1322 1069 1363 devium
1102 1335 1279 1375 carpens
1313 1320 1394 1361 iter

348 1392 446 1433 AVE
482 1394 697 1434 exaudivit
729 1395 771 1435 et
804 1395 995 1434 moratus
1029 1392 1264 1446 paululum,

347 1462 509 1504 Adesse
542 1467 589 1504 nt
621 1464 728 1504 vidit
758 1464 984 1504 neminem.
1017 1463 1131 1516 cepit
1162 1462 1355 1515 gradum.

346 1532 505 1574 lterum
538 1534 698 1574 salutat
730 1533 845 1574 idem'
874 1547 924 1573 ex
958 1533 1124 1574 occulto
1159 1547 1299 1574 sonus.

347 1603 461 1645 Voce
493 1603 700 1657 hospitali
734 1603 1010 1645 confirmatus
1042 1604 1216 1657 restitit,
1668 1616 1688 1645 5

347 1673 423 1728 Vt,
456 1674 648 1729 quisquis
682 1677 812 1726 esset,
844 1689 923 1728 par
955 1675 1145 1716 officium
1175 1674 1396 1729 reciperet.

347 1742 455 1785 Cum
488 1745 848 1798 circumspectans
882 1760 956 1786 ore
988 1745 1049 1786 ita
1079 1745 1292 1787 haesisset
1321 1745 1393 1786 diu

345 1815 403 1855 Et
433 1814 689 1869 perdidisset
722 1817 891 1868 tempus
925 1815 1089 1869 aliquot
1121 1815 1300 1868 milium,

347 1885 547 1927 Ostendit
580 1901 672 1928 sese
705 1901 854 1927 corvus
889 1888 932 1926 et
963 1887 1240 1939 supervolans

347 1956 448 1997 AVE
474 1971 606 2010 usque
633 1956 827 2009 ingessit.
871 1955 979 1996 Tum
1007 1972 1050 1996 se
1078 1956 1218 1997 lusum
1246 1956 1521 2010 intellegens:
1645 1969 1687 1999 10

349 2027 406 2068 At
438 2027 549 2068 male
582 2027 662 2067 tibi
696 2027 769 2080 sit,
802 2026 959 2080 inquit,
992 2027 1079 2068 ales
1112 2026 1309 2081 pessime,

347 2098 427 2146 Qui
460 2097 706 2138 festinantis
740 2097 801 2138 sic
832 2096 1053 2137 detinuisti
1088 2096 1226 2151 pedes

591 2296 823 2340 [PASTOR
842 2225 1227 2340 {{I{iAPELLA.]

435 2365 514 2411 [Nil
541 2366 593 2400 ita
620 2365 804 2400 occultum
831 2376 925 2409 esse,
952 2365 1050 2409 quod
1076 2376 1149 2400 non
1174 2365 1386 2412 reveletur]

417 2437 571 2479 Pastor
604 2437 794 2492 capellae
828 2452 957 2483 cornu
990 2439 1145 2480 baculo
1177 2437 1386 2493 fregerat:

227 2577 294 2612 XX
320 2578 428 2612 inser.
455 2577 593 2611 famam
621 2576 661 2620 V,
698 2587 772 2611 ‘non
796 2577 844 2611 N.
925 2581 945 2611 2
971 2578 1025 2612 ita
1054 2577 1092 2612 V.
1155 2577 1320 2622 pendens
1346 2578 1453 2621 petra
1479 2578 1591 2613 Ιαηη.

133 2641 153 2670 3
181 2635 344 2671 demittit
372 2637 496 2678 Imm,
532 2635 688 2670 dimittit
714 2635 754 2670 V.
834 2640 855 2669 4
882 2637 935 2670 ita
962 2636 1009 2670 M
1015 2649 1027 2677 ;
1072 2635 1180 2670 simul
1207 2636 1405 2670 haeserunt
1431 2636 1554 2670 cancri
1581 2636 1619 2670 V.

135 2700 154 2730 5
181 2694 368 2740 abripiens
388 2695 506 2738 Both„
533 2693 711 2739 arripiens
741 2694 780 2729 V.
861 2698 880 2729 7
907 2705 973 2729 om.
996 2695 1035 2729 V.
1094 2694 1216 2729 stultis
1245 2695 1374 2737 lama,
1407 2695 1521 2729 stulto
1547 2695 1595 2729 N.

228 2753 311 2788 XXI
336 2754 444 2788 inser.
478 2753 512 2787 h.
547 2752 580 2786 d.
609 2753 671 2787 sol.
701 2753 748 2786 N.
842 2758 862 2786 4
895 2755 1001 2788 sonat
1026 2753 1074 2787 N.
1176 2757 1192 2787 7
1221 2763 1282 2787 ore
1315 2752 1368 2786 ita
1394 2752 1458 2795 M,
1493 2764 1616 2788 orrore
1644 2754 1687 2799 V,

135 2858 256 2883 errore
281 2847 330 2881 N.
382 2850 402 2881 8
428 2846 572 2890 aliquot
596 2846 646 2888 N,
678 2816 824 2893 aliquoi·
850 2845 890 2880 V.
944 2851 986 2881 10
1013 2845 1226 2890 intelligens
1246 2845 1285 2880 V.
1349 2849 1389 2880 11
1418 2844 1488 2880 tibi
1512 2846 1610 2881 male
1647 2847 1684 2891 1⁷,

135 2917 231 2941 corr:
253 2907 388 2947 Iann.;
413 2917 445 2940 a.
472 2918 506 2951 p.
532 2905 556 2939 i.
582 2905 622 2947 V,
649 2916 722 2939 non
747 2905 796 2939 N.
872 2909 914 2939 12
942 2905 1037 2939 male
1061 2916 1129 2948 pro
1155 2904 1206 2938 sie
1235 2903 1275 2945 V,
1300 2915 1374 2939 ‘non
1399 2904 1448 2938 N.

229 2964 331 2999 XXII
358 2965 464 2999 inser.
487 2963 578 2998 nihil
598 2964 637 3008 V,
664 2975 736 2998 non
755 2964 804 2998 N.
855 2964 907 2998 ita
926 2965 1009 2999 «dcl.
1030 2964 1072 2998 N
1088 2965 1129 2998 in
1148 2964 1277 3006 indice,
1303 2963 1344 3005 V,
1370 2973 1435 2998 om.
1455 2964 1520 2999 hoc
1544 2965 1618 3001 loco
1635 2965 1683 3000 N.

205 3025 330 3049 Phaedri
352 3025 483 3050 fabulae.
504 3025 547 3050 011.
569 3024 599 3050 L.
617 3025 782 3049 Μιῑειὼκιι,
1381 3027 1401 3056 6
