2028 3310
547 213 932 249 COMMENTARIVS
959 213 1011 247 IN
1037 212 1317 248 PHAEDRVM.
1626 215 1706 255 1Οὸ

158 336 208 362 ex
240 320 321 363 hoc
359 335 483 363 versu
522 324 664 375 potest
697 321 913 376 cognosci,
957 335 1085 375 quam
1122 321 1221 362 falsi
1258 321 1433 374 fuerint,
1478 321 1550 375 qui
1584 335 1710 376 nega·

157 393 255 432 rent
290 405 415 445 posse
454 391 631 433 tolerari
663 391 774 446 apud
807 390 1046 445 Vergilium
1083 391 1191 433 illud
1225 393 1334 447 (aen.
1366 391 1404 443 I,
1432 391 1554 446 317):
1603 392 1709 433 coln-

157 475 337 515 cremqne
359 462 460 516 fuya
485 462 757 515 praevertitur
775 461 972 514 Hebrum,
1005 475 1100 502 cum
1126 461 1217 515 ipse
1236 461 1470 515 Phaedrus,
1501 460 1708 503 Thraciae

158 533 298 586 gentis
331 531 473 586 homo,
503 532 603 574 huic
635 531 751 573 amni
781 531 1058 585 rapiditatem
1091 546 1236 573 cursus
1270 532 1497 573 adscribat.

275 603 314 653 2,
341 603 368 645 5
399 603 585 656 quamvis
616 615 730 643 nemo
764 601 942 642 laederet.
1006 602 1147 655 aptius
1181 616 1282 643 sane
1316 605 1428 644 esset
1460 602 1580 643 illud:
1621 617 1711 643 cion

157 674 335 715 laesisset
364 674 575 715 neminem..
649 687 796 714 verum
836 686 889 713 ne
927 671 986 713 sic
1018 671 1188 726 quidem
1228 673 1332 713 sat-is
1372 676 1486 714 recte
1518 673 1711 727 procedit

156 743 314 796 fabula,
347 757 442 785 cum
473 743 588 785 dicat
619 742 838 784 Phaedrus
867 742 997 783 etiam
1019 756 1102 795 eos,
1135 742 1206 796 qui
1226 742 1423 784 iuvarent
1443 743 1709 797 pantheram,

156 828 350 868 sperasse
381 813 484 868 fore,
515 816 563 855 ut
595 813 662 855 die
694 813 944 867 insequente
977 826 1071 853 eam
1102 812 1343 854 invenirent
1374 816 1601 856 mort-uam.

273 884 312 938 2,
343 884 395 926 15
427 887 598 939 praeter
629 883 741 925 hunc
773 883 931 937 locum,
975 883 1048 924 ubi
1087 882 1139 924 ad
1177 883 1371 924 feminini
1410 885 1578 939 generis
1615 885 1710 926 sub-

156 955 392 997 stantivum
435 955 636 1009 refertur,
683 955 817 1007 feram
866 953 1024 1007 plurali
1069 968 1245 995 numero
1291 955 1400 996 solet
1444 955 1581 996 dicere
1622 955 1710 1009 Ph„

157 1025 369 1080 singulari
397 1026 543 1078 ferum.

274 1096 312 1150 3,
342 1097 395 1138 10
575 1096 633 1138 Et
665 1096 864 1137 insitivos
898 1094 1134 1150 significari
1166 1095 1338 1137 liberos.

157 1165 362 1208 Octaviae
395 1169 560 1208 auctor:
1284 1218 1289 1223 .

481 1237 591 1279 Nero
625 1238 829 1291 insitivus,
862 1237 1046 1278 Domitio
1073 1238 1234 1290 yenitus
1258 1241 1388 1291 patre.

274 1307 313 1360 3,
345 1308 395 1347 14
429 1308 546 1349 naris
577 1311 783 1349 emunctae
813 1321 952 1356 scnecc‚·
985 1307 1036 1348 cf.
1069 1322 1175 1348 com.
1208 1308 1341 1350 Lucil.
1375 1321 1444 1362 pg.
1471 1309 1568 1350 291.

273 1378 312 1431 4,
339 1379 365 1419 5
398 1378 566 1420 ridicule
596 1378 622 1420 i.
644 1393 677 1420 e.
705 1379 762 1420 acl
794 1379 923 1420 risum
955 1379 1192 1420 movendam
1225 1382 1326 1431 apte,
1358 1384 1405 1420 ut
1433 1393 1559 1433 saepe
1587 1379 1711 1420 Plau-

156 1452 235 1499 tus,
269 1448 431 1502 Cicero,
463 1449 549 1490 alii.

275 1520 313 1573 6,
340 1520 365 1561 9
400 1521 652 1570 tricandzma·
687 1520 823 1574 efivl,
853 1521 918 1574 15,
945 1521 971 1561 2
1003 1533 1104 1572 qnae
1136 1523 1262 1561 toturn
1291 1545 1340 1549 —
1372 1522 1535 1562 tricaret
1565 1522 1681 1562 diem.

278 1591 341 1641 10,
368 1591 395 1632 2
419 1604 576 1644 ponam
606 1592 818 1644 utriusque
847 1591 1014 1632 breviter
1045 1591 1269 1644 exemplum
1301 1592 1369 1632 rei.
1427 1605 1562 1645 neque
1595 1605 1711 1645 esopo-

156 1662 278 1704 nendi
319 1661 497 1703 verbum
539 1661 610 1702 hic
652 1661 785 1703 habet
826 1662 966 1703 locum
1009 1675 1145 1716 neque
1185 1664 1379 1716 correpta
1420 1662 1464 1703 in
1504 1663 1712 1715 utriusque
1773 1657 1779 1663 ”

157 1732 349 1774 secunda.
393 1733 501 1774 bene
521 1732 655 1787 igitur
676 1732 733 1774 sit
752 1732 944 1783 Perotto,
977 1732 1087 1787 quod
1119 1731 1188 1773 hic
1220 1734 1269 1774 ut
1301 1732 1367 1774 bis
1389 1734 1506 1774 terve
1527 1732 1712 1787 vestigia

158 1803 247 1844 veri
280 1803 370 1844 eius
405 1806 506 1845 sunt
538 1817 667 1857 opera
700 1806 879 1845 servata.

279 1874 343 1927 10,
370 1874 425 1915 28
459 1874 519 1915 nil
553 1874 852 1926 int›·0spe'ciens;
886 1876 989 1915 nota
1010 1873 1251 1915 Phaedrum
1284 1888 1451 1928 semper
1482 1873 1619 1916 dicere
1653 1875 1712 1916 nil

156 1960 233 1999 pro
267 1944 371 1986 nihil
402 1948 572 1999 praeter
604 1944 731 1985 finem
766 1958 911 1985 versus
945 1943 1038 1997 (IV,
1064 1944 1102 1998 5,
1133 1944 1202 1996 163
1236 1944 1305 1998 24,
1330 1943 1387 1999 4).
1459 1945 1712 1998 introspicere

157 2015 259 2070 quid
292 2015 367 2066 sit,
400 2018 499 2070 apte
531 2015 655 2056 docet
686 2013 962 2056 Forcellinus.

279 2087 343 2140 10,
368 2086 424 2128 39
450 2086 656 2139 petierunt
701 2086 868 2135 indices;
920 2085 982 2126 ita
1020 2085 1171 2140 scripsi
1210 2085 1262 2126 ad
1307 2085 1548 2140 exemplum
1593 2102 1629 2126 v.
1660 2087 1711 2127 18

157 2172 188 2198 c.
215 2157 270 2198 23
304 2156 330 2197 l.
357 2156 436 2197 IV:
479 2170 604 2209 qnam
634 2157 840 2209 petierant
880 2155 1088 2209 naufraqi.
1156 2155 1225 2197 vix
1271 2155 1384 2197 euim
1422 2156 1545 2198 credo
1578 2156 1711 2198 Phae-

156 2227 278 2268 drum
310 2227 353 2268 in
386 2227 535 2281 quinto
567 2226 672 2280 pede
705 2226 928 2268 admisisse
960 2226 1150 2268 iambum
1183 2225 1348 2268 duobus
1380 2226 1563 2268 divisum
1590 2242 1710 2268 voca-

158 2297 282 2351 bulis,
315 2312 408 2339 cum
441 2301 531 2339 tam
562 2297 686 2339 facile
719 2300 865 2352 posset
896 2297 1035 2338 vitari.

281 2369 343 2421 10,
369 2369 423 2409 47
457 2371 571 2409 recte
604 2367 771 2409 Perotti
803 2367 912 2408 liber
943 2367 1142 2416 delatmn,·
1180 2381 1281 2408 nam
1311 2368 1568 2421 damnanda,
1601 2368 1711 2422 quod

157 2442 223 2480 est
256 2438 298 2479 in
335 2437 570 2479 Pithoeano
604 2452 651 2479 ac
682 2437 906 2492 Remensi,
939 2453 988 2480 ex
1021 2452 1146 2479 versu
1178 2438 1457 2492 praecedente
1490 2438 1711 2492 irrepsisse

158 2514 348 2563 apparet.

280 2580 343 2628 12,
372 2580 394 2620 7
421 2579 544 2632 potis,
577 2581 623 2619 ut
642 2576 851 2620 Horatius
883 2578 928 2620 111
948 2578 1112 2620 melicis
1140 2580 1182 2620 et
1197 2577 1393 2620 Catullus
1427 2581 1469 2620 et
1488 2578 1710 2620 Lucretius

157 2652 199 2690 et
234 2649 416 2691 Persius.

280 2720 344 2774 15,
370 2721 396 2761 :2
427 2719 545 2760 stulte
577 2718 718 2772 potius
752 2718 970 2760 vocativus
1004 2734 1131 2774 quam
1165 2719 1431 2772 adverbium,
1473 2722 1519 2760 ut
1551 2719 1712 2760 similia

158 2790 455 2832 demonstrant
486 2788 691 2842 exempla,
723 2803 983 2843 quamquam
1016 2790 1137 2831 elisio
1170 2790 1323 2843 longae
1351 2792 1555 2843 sequente
1587 2793 1709 2831 acuta

157 2859 323 2901 nullam
355 2859 488 2901 habet
519 2858 797 2901 offensionem
829 2859 873 2900 in
904 2860 1044 2914 prima
1076 2860 1161 2901 arsi
1195 2860 1261 2901 vel
1295 2859 1456 2914 quinta.

279 2931 344 2984 16,
374 2931 426 2972 12
545 2944 696 2972 sonare
728 2929 938 2972 citharam
971 2945 1076 2985 quos
1107 2934 1231 2984 putes
1263 2929 1498 2984 Apollinis3
