2028 3310
507 204 568 239 DE
597 205 914 239 EMENDANDIS
942 205 1154 239 PHAEDRI
1182 203 1394 238 FABVLIS.
1593 203 1726 238 XXVII

181 312 410 353 branarum
444 312 703 354 auctoritate
735 315 878 353 essent-
909 313 1162 366 probandae.
1214 312 1349 361 Quam
1379 326 1467 352 rem
1495 314 1541 352 ut
1561 311 1728 352 demon-

180 386 330 436 strem,
363 397 412 424 ex
445 382 584 423 tribus
618 382 684 423 vel
716 385 917 436 quattuor
943 383 1099 424 fabulis
1129 383 1288 437 petit-as
1308 382 1511 423 lectiones
1533 380 1728 435 proprias

181 452 456 508 anthologiae
500 451 745 493 Perottinae
790 453 1018 494 recensebo
1063 468 1208 495 omnes
1253 453 1424 495 omissis
1475 452 1612 493 solum
1657 451 1730 504 eis,

180 538 288 578 quae
321 523 372 564 ad
405 522 758 577 orthographiam
792 526 998 577 spectant.
1042 522 1156 564 Nam
1188 524 1293 565 hanc
1327 523 1369 564 in
1403 523 1545 564 codiee
1573 521 1728 563 saeculi

178 593 260 635 XV
298 594 365 634 vel
397 592 498 633 XVI
541 592 761 647 aliquanto
805 608 897 634 esse
935 593 1207 647 deteriorem,
1252 609 1378 649 quam
1426 595 1470 635 in
1507 592 1629 633 libris
1667 591 1726 631 IX

178 664 244 704 vel
277 663 332 717 X,
371 664 471 718 quid
505 666 569 704 est
603 663 712 717 quod
752 664 955 717 exemplis
994 666 1212 706 asseram?
1264 665 1462 706 Ceterum
1497 664 1728 717 archetypo

179 733 456 789 anthologiae
490 733 736 775 Perottinae
769 733 974 775 haetenus
1014 736 1210 776 convenit
1251 751 1345 777 cum
1386 735 1510 777 libris
1542 733 1730 784 Gallicis,

179 804 289 858 quod
323 804 535 845 interdum
568 804 611 844 iu
645 804 836 858 utrisque
869 805 894 845 b
928 808 969 846 et
1003 821 1026 845 v
1059 805 1230 847 litterae
1263 808 1570 859 permutantur.

812 899 873 953 II,
905 901 943 952 6,
977 901 1014 952 4.
1047 901 1091 941 5:

390 970 547 1025 Aquila
580 971 624 1011 in
657 970 837 1011 sublime
871 970 1043 1011 sustukit
1078 971 1350 1012 testudinem.

389 1042 506 1091 Quae
540 1056 634 1083 eum
667 1041 901 1082 abdidisset
936 1055 1086 1082 cornea
1121 1056 1274 1095 eorpus
1307 1041 1444 1082 domo.

294 1123 419 1177 Apud
451 1123 675 1164 Perottum
718 1137 794 1176 pro
828 1122 952 1177 ‘quae
985 1137 1079 1164 cum
1113 1122 1362 1164 ‘abdidisset'
1403 1123 1559 1178 legitur
1591 1121 1728 1175 ‘quae-

177 1208 355 1248 cumque
389 1193 668 1236 abstulisset’.

847 1275 909 1318 Ib.
945 1277 981 1329 7,
1014 1277 1056 1317 8:

388 1345 518 1388 Venit
552 1361 626 1400 per
658 1361 782 1387 auras
815 1346 961 1388 cornix
994 1350 1034 1387 et
1067 1353 1240 1401 propter
1273 1347 1438 1388 volans:

388 1416 588 1470 Opimam
621 1432 720 1458 sane
751 1417 954 1471 praedam
986 1417 1169 1470 rapuisti
1202 1417 1427 1472 unguibus.

294 1499 341 1540 In
387 1499 496 1540 libro
537 1498 758 1540 Perottino
802 1499 1009 1540 traditum
1054 1506 1137 1541 est:
1183 1498 1519 1552 ‘preter-volans’.
1593 1498 1728 1539 Nimi-

175 1585 268 1611 rum
312 1569 559 1625 ignorabat,
611 1569 802 1623 quisquis
851 1569 911 1610 ita
958 1570 1148 1623 scripsit,
1201 1568 1405 1624 ‘propter’
1457 1584 1542 1610 non
1587 1569 1727 1610 minus

175 1640 342 1695 quando
375 1639 566 1681 adverbii
598 1644 663 1680 est
695 1639 843 1693 instar,
876 1655 1003 1694 quam
1029 1641 1102 1682 ubi
1129 1639 1459 1694 praepositionis
1480 1640 1570 1681 vice
1590 1639 1728 1694 ftmgi-

174 1715 257 1764 tur,
289 1726 415 1765 posse
448 1725 540 1751 esse
572 1710 718 1751 locale.
763 1710 860 1752 &18
893 1710 1031 1752 fertur
1065 1712 1154 1753 sine
1187 1714 1325 1753 metro
1359 1710 1561 1765 ‘opimam
1589 1710 1727 1764 inquit

175 1780 402 1835 praedam’,
435 1781 594 1822 omisso
627 1781 833 1822 vocabulo
867 1782 1122 1836 gravissimo
1157 1781 1290 1823 esane’
1318 1785 1359 1822 et
1391 1781 1534 1822 addito
1561 1780 1728 1822 dicendi

176 1854 316 1907 verbo,
350 1852 460 1907 quod
494 1852 729 1893 sexcenties
763 1852 927 1894 omittit
959 1853 1188 1893 Phaedrus.

817 1946 877 1987 Ib.
915 1948 961 1987 11
1017 1947 1085 1987 12:

389 2016 605 2058 Promissa
636 2020 757 2071 parte
791 1979 1035 2067 sua‹1et‚’ut
1070 2017 1289 2071 scopulum
1322 2031 1448 2071 super

387 2086 502 2129 Altis
535 2087 587 2129 ab
621 2087 749 2129 astris
782 2088 931 2129 duram
963 2087 1118 2129 inlidat
1151 2087 1366 2130 corticem.

291 2169 341 2210 In
372 2169 537 2211 Perotti
570 2169 817 2211 membrana
851 2169 956 2211 haee
988 2173 1107 2211 sunt:

387 2251 603 2293 Promissa
636 2255 759 2305 parte
792 2252 949 2293 vadens
982 2256 1029 2294 ut
1062 2252 1258 2307 scopulos
1292 2267 1417 2306 super

389 2322 456 2363 Ab
491 2324 617 2364 astris
651 2323 797 2363 duram
831 2322 970 2364 illidat
1002 2327 1148 2365 monet
1181 2323 1395 2365 corticem.

295 2405 412 2454 Quae
446 2405 640 2459 equidem
672 2419 758 2445 non
790 2405 941 2458 timeo,
971 2420 1025 2447 ne
1047 2406 1141 2460 quis
1162 2405 1378 2460 praeferat
1398 2405 1573 2447 lectioni
1602 2405 1730 2445 libro-

176 2491 271 2517 rum
303 2475 577 2517 Gallicorum.

824 2558 885 2599 Ib.
923 2559 986 2613 15,
1023 2560 1092 2601 16:

391 2629 525 2669 Simul
561 2632 601 2669 et
634 2630 868 2684 magistrae
901 2630 1021 2684 large
1053 2630 1197 2671 divisit
1229 2630 1393 2685 dapem.

391 2700 458 2741 sic
492 2703 586 2741 tuta
619 2715 725 2754 quae
758 2702 936 2743 naturae
969 2701 1107 2742 fuerat
1141 2715 1327 2742 munere.

296 2780 375 2835 Ap.
426 2781 519 2824 Per.
568 2783 774 2824 omissum
826 2786 889 2824 est
940 2782 1038 2837 ‘et'‚
1095 2783 1193 2837 quia
1238 2785 1301 2823 est
1352 2797 1729 2837 supervacaneumss,

177 2851 327 2893 deinde
371 2853 528 2895 ibidem
573 2854 770 2909 neglecta
815 2869 987 2896 caesura
1034 2868 1180 2896 versus
1220 2853 1426 2907 scriptum
1472 2856 1534 2894 est
1575 2852 1730 2895 ‘fuerat

178 2922 385 2965 naturae'.
