2028 3310
265 225 320 270 68
769 225 984 261 PHAEDRI
1007 220 1309 260 FABVLARVM

787 406 1289 453 APPENDIX.

823 538 842 559 ⁰
1018 533 1051 575 Ι.

755 602 964 648 [snssvs
989 605 1059 637 ΕΤ
1084 603 1328 648 VVLPEs.]

461 673 639 719 [Avarum
665 673 778 708 etiam
805 673 903 718 quod
929 673 999 708 sibi
1024 674 1194 718 superest
1218 684 1292 707 non
1316 672 1476 707 libenter
1501 671 1616 717 dara]

547 745 734 801 Vulpem
764 746 947 801 rogabat
977 749 1144 800 partem
1177 745 1332 787 caudae
1364 744 1528 798 simius,

479 816 718 872 Contegere
751 817 928 858 honeste
960 819 1108 871 posset
1139 819 1186 857 ut
1216 815 1351 857 nudas
1382 818 1516 856 nates.

481 886 560 929 Cui
592 888 653 929 sic
684 888 893 942 maligna:
926 887 1098 941 longior
1128 886 1205 927 fiat
1236 886 1348 939 licet7

480 958 644 999 Tamen
669 958 790 999 illam
817 958 941 1000 citius
967 971 1044 1011 per
1071 957 1209 998 lutum
1236 958 1279 997 et
1306 956 1451 1010 spinas
1476 955 1659 1008 traham,

479 1028 579 1070 Tibi
611 1044 738 1084 quam
770 1033 938 1083 partem
971 1028 1163 1083 quamvis
1178 1041 1372 1081 ‘parvam
1404 1026 1623 1080 inpertiar.
1797 1036 1817 1066 5

917 1169 1184 1284 [AVtIJii’oiz]

687 1309 788 1355 [Non
813 1320 892 1344 esse
917 1309 1000 1354 plus
1027 1319 1144 1353 aequo
1170 1307 1399 1353 petendum]

553 1381 747 1422 Arbitrio
780 1381 817 1423 si
848 1383 1003 1423 natura
1034 1380 1229 1421 finxisset
1261 1393 1355 1420 meo

481 1453 624 1493 Genus
657 1451 858 1505 mortale,
889 1452 1017 1506 longe
1048 1451 1162 1492 foret
1194 1450 1468 1491 instructius:

481 1521 593 1563 Nam
626 1525 778 1564 cuncta
807 1521 932 1563 nobis
965 1521 1236 1563 attribuisset
1268 1519 1502 1571 commoda,

481 1591 597 1641 Quae
631 1593 697 1634 cui
729 1591 922 1634 Fortuna
953 1591 1182 1645 indulgens
1215 1589 1392 1631 animali
1424 1589 1558 1630 dedit:

481 1663 714 1718 Elephanti
747 1663 876 1716 vires,
910 1665 951 1704 et
984 1662 1120 1704 leonis
1152 1661 1375 1715 impetum,
1803 1673 1823 1703 5

481 1734 674 1776 Cornicis
707 1749 875 1788 aevum,
908 1748 1064 1775 cornua
1096 1735 1139 1773 et
1169 1732 1281 1773 tauri
1313 1731 1460 1784 trucis,

482 1805 594 1860 Equi
627 1804 785 1846 velocis
818 1803 1032 1858 placidam
1065 1801 1447 1855 mansuetudinem,

481 1876 538 1917 Et
570 1875 741 1917 adesset
772 1874 939 1916 homini
971 1889 1048 1915 sua
1078 1877 1225 1915 tamen
1257 1872 1464 1914 sollertia.

479 1946 696 1988 Nimirum
728 1946 772 1987 in
806 1946 923 1987 caelo
957 1959 1100 1986 secum
1131 1944 1244 1986 ridet
1276 1943 1481 1998 Iuppiter,

480 2017 639 2072 Magno
671 2017 778 2058 haec
810 2016 989 2058 consilio
1023 2015 1095 2070 qui
1122 2014 1297 2070 negavit
1329 2007 1530 2069 numinis,
1782 2027 1824 2057 10

481 2087 547 2130 Ne
579 2092 796 2144 sceptrum
828 2087 975 2129 mundi
1007 2089 1176 2141 raperet
1208 2089 1357 2128 nostra
1389 2085 1577 2127 audacia.

552 2158 668 2214 Ergo
704 2160 896 2217 contenti
927 2172 1102 2200 munere
1135 2157 1284 2199 invicti
1316 2156 1429 2198 Iovis

480 2229 645 2271 Fatalis
679 2244 812 2272 annos
845 2229 1117 2271 decurramus
1149 2227 1369 2281 temporis,

480 2299 571 2341 Nec
602 2300 698 2354 plus
731 2314 932 2342 conemur
964 2313 1091 2353 quam
1123 2298 1228 2339 sinit
1260 2297 1516 2339 mortalitas.

948 2426 1151 2472 Appendix.

366 2489 483 2523 Inscr.
511 2488 640 2522 litteris
665 2487 886 2532 capitalibus
910 2489 1082 2521 exaratus
1113 2486 1200 2520 tales
1230 2486 1303 2528 fere
1334 2485 1434 2527 dedi,
1470 2486 1593 2530 quales
1619 2486 1828 2522 Iannellius

269 2549 309 2582 in
335 2548 489 2582 editione
513 2547 725 2590 fabularum
751 2557 842 2590 quae
864 2545 1003 2589 prodiit
1029 2544 1188 2588 Neapoli
1213 2556 1244 2578 α.
1269 2548 1372 2579 1811.

363 2605 396 2649 1,
424 2611 444 2640 2
470 2605 593 2650 posset
617 2604 673 2646 N,
710 2615 816 2649 posse
845 2603 884 2638 V.
966 2608 985 2638 6
1014 2605 1066 2637 ita
1094 2603 1139 2637 M
1151 2616 1162 2643 ,·
1206 2614 1317 2646 quam
1349 2601 1417 2637 tibi
1448 2601 1642 2648 impartiar
1672 2615 1827 2649 parvum

269 2663 474 2709 (impertiar
501 2665 626 2703 Imm„
653 2674 805 2708 parvam
831 2662 889 2706 N)
917 2661 1083 2706 quamvis
1110 2663 1251 2706 partem
1284 2661 1321 2694 Γ.

365 2723 413 2766 ΙΙ,
440 2727 459 2756 2
488 2723 583 2757 soret
607 2722 657 2763 N,
683 2721 778 2757 feret
800 2721 839 2755 Γ.
914 2726 934 2755 4
960 2724 1012 2754 ita
1043 2721 1110 2756 M:
1136 2732 1375 2764 quaeeunque
1403 2720 1440 2755 F.
1468 2720 1488 2754 i.
1515 2720 1552 2754 Γ.
1627 2726 1647 2754 (ἱ
1674 2721 1828 2757 cornicis

273 2782 461 2823 cassinus,
488 2793 619 2826 corpus
645 2781 680 2815 iu
705 2781 744 2814 V.
796 2791 931 2815 cornua
957 2781 995 2814 et
1018 2780 1073 2820 M,
1098 2779 1255 2823 gloriam
1274 2779 1311 2813 l'.
1387 2783 1407 2813 8
1433 2780 1585 2821 sortasse
1610 2782 1647 2813 et
1671 2783 1778 2816 esset

270 2840 422 2875 solertia
439 2841 476 2875 Γ.
552 2845 571 2874 9
600 2840 739 2885 Iupiter
756 2840 793 2874 Γ.
871 2844 913 2873 10
939 2840 991 2873 ita
1021 2839 1085 2878 M,·
1124 2838 1213 2872 haec
1241 2837 1301 2882 qui
1328 2837 1481 2881 negavit
1507 2849 1640 2883 magno
1671 2840 1826 2875 consilio

271 2899 430 2934 hominis
457 2899 682 2941 (hominibus
712 2900 837 2942 laun.)
870 2899 906 2931 Γ.
1013 2902 1054 2931 13
1087 2897 1322 2932 decurramus
1354 2897 1408 2940 X,
1455 2896 1680 2933 decurrimus
1718 2898 1755 2935 Γ.

273 2963 293 2993 4
335 2958 425 2993 sinit
452 2958 500 3001 N,
535 2958 630 2992 sicut
659 2957 697 2991 1⁷.
