2028 3310
263 199 319 240 62
769 196 981 231 PHAEDRI
1008 193 1310 228 FABVLARVM
1372 194 1382 197 s

545 305 615 346 Illi
647 304 864 358 adsignari
895 303 1022 344 debet
1052 301 1158 342 haee
1187 299 1393 353 narratio,

477 376 557 424 Qui
590 389 634 415 re
667 373 851 415 secunda
881 372 1009 414 fortis
1042 373 1126 425 est,
1158 370 1288 412 dubia
1319 369 1463 423 fugax.
1773 379 1815 409 15

760 511 1087 628 [CAvainfflIr
1113 580 1329 626 MVsCA.]

547 655 668 698 Calvi
700 655 932 698 momordit
963 668 1108 696 musca
1138 654 1347 696 nudatum
1379 655 1526 707 eaput3

476 727 612 777 Quam
640 740 832 781 premere
859 728 1036 779 captans
1063 725 1230 777 alapam
1257 724 1340 766 sibi
1366 723 1488 764 duxit
1513 735 1700 776 gravem.

476 798 594 839 Tunc
619 797 694 838 illa
719 796 925 838 inridens:
951 798 1156 850 punctum
1183 794 1368 836 volueris
1393 792 1595 848 parvulae

476 867 668 909 Voluisti
701 869 839 907 morte
871 865 1039 918 ulcisci3
1072 864 1173 919 quid
1204 863 1335 905 facies
1367 863 1461 913 tibi,

478 938 664 979 Iniuriae
696 937 768 991 qui
801 936 1013 977 addideris
1046 933 1379 976 contumeliam?
1799 943 1820 973 5

478 1008 734 1063 Respondit:
765 1021 932 1048 mecum
964 1006 1090 1048 facile
1121 1005 1246 1047 redeo
1278 1005 1324 1046 in
1357 1003 1557 1058 gratiam,

480 1079 591 1128 Quia
620 1093 705 1119 non
736 1077 869 1118 fuisse
901 1079 1091 1118 mentem
1123 1075 1318 1118 laedendi
1351 1075 1451 1116 scio.

480 1148 561 1191 Sed
593 1152 658 1201 te,·
688 1148 926 1202 contempti
958 1147 1127 1202 generis
1160 1146 1320 1188 animal
1352 1145 1592 1199 inprobum,

478 1220 594 1269 Quae
626 1219 851 1261 delectaris
883 1219 1030 1260 bibere
1062 1217 1297 1258 humanum
1329 1215 1593 1270 sanguinem,

479 1291 636 1345 Optem
667 1304 819 1331 necare
852 1289 919 1330 vel
951 1289 1113 1330 maiore
1146 1285 1429 1328 incommodo.
1780 1296 1822 1325 10

550 1360 643 1402 Hoc
669 1362 971 1414 argumentum
997 1358 1120 1400 venia
1145 1369 1269 1411 mage
1295 1356 1470 1410 dignum
1496 1356 1621 1397 docet

480 1432 562 1481 Qui
594 1445 695 1473 casu
726 1432 875 1484 peceat
906 1443 1033 1483 quam
1065 1428 1137 1482 qui
1169 1426 1394 1468 consiliost
1424 1440 1596 1468 nocens.

481 1503 627 1555 [Illum
660 1515 752 1542 esse
783 1500 933 1555 quavis
965 1500 1143 1554 dignum
1174 1512 1311 1552 poena
1342 1496 1513 1549 iudico]

1006 1639 1082 1682 IV.

703 1712 920 1757 [Asmvs
946 1713 1016 1745 ET
1042 1709 1396 1754 PORCELLVS.]

553 1787 736 1837 Quidam
761 1784 1030 1827 immolasset
1055 1797 1221 1824 verrem
1248 1797 1344 1824 eum
1371 1782 1518 1822 saneto
1543 1778 1733 1834 Herculi,

483 1856 562 1899 Cui
593 1872 670 1912 pro
705 1857 841 1899 salute
872 1857 1020 1897 votum
1052 1853 1237 1896 debebat
1269 1867 1356 1907 sua,

482 1929 630 1971 Asello
663 1928 790 1970 iussit
820 1926 1023 1981 reliquias
1055 1924 1158 1979 poni
1188 1923 1350 1965 hordei.

483 1999 597 2050 Quas
631 2000 884 2053 aspernatus
916 1996 989 2039 ille
1023 1996 1083 2038 sie
1114 1995 1283 2037 loeutus
1316 1997 1401 2041 est:

484 2071 623 2112 Tuum
655 2070 840 2111 libenter
873 2082 1047 2122 prorsus
1080 2065 1326 2120 adpeterem
1358 2065 1514 2119 eibum,
1807 2073 1828 2104 5

484 2141 580 2183 Nisi
613 2140 684 2195 qui
716 2139 905 2181 nutritus
937 2138 1056 2179 illost
1088 2135 1308 2191 iugulatus
1340 2135 1464 2177 foret.

275 2312 329 2348 14,
358 2311 402 2341 15
427 2317 492 2341 om.
522 2304 562 2338 V.

367 2365 435 2408 ΙΙΙ,
464 2369 479 2399 1
509 2363 656 2398 calvum
675 2361 711 2397 Γ.
780 2365 800 2395 2
827 2371 993 2406 premere
1016 2360 1073 2403 M,
1100 2369 1314 2404 oppremere
1346 2357 1381 2391 P
1397 2369 1442 2391 m.
1459 2369 1530 2401 pr„
1551 2356 1597 2400 R,
1623 2355 1830 2402 opprimere

277 2425 312 2458 1’
336 2436 380 2459 m.
405 2434 488 2465 seo,
527 2422 693 2467 opprime
723 2421 762 2455 V.
836 2424 855 2454 3
882 2420 980 2454 hune
1012 2418 1078 2452 illa
1109 2417 1268 2452 illudens
1304 2416 1342 2449 Γ.
1430 2421 1449 2450 5
1477 2415 1538 2461 qui
1573 2415 1757 2451 addideris
1790 2414 1830 2457 1⁷,

274 2483 361 2527 quia
387 2481 530 2517 dederis
555 2480 640 2515 PR.
711 2484 730 2515 7
756 2490 843 2514 nam
869 2490 942 2512 nou
964 2477 1005 2511 N
1022 2479 1053 2519 (e
1076 2476 1107 2509 Γ
1123 2477 1217 2511 nihil
1245 2477 1430 2520 notatum).
1481 2478 1501 2508 8
1522 2474 1702 2510 contemsi
1720 2473 1830 2519 PRq,

275 2551 438 2613 contenpti
471 2576 513 2619 V,
539 2587 628 2610 corr.
652 2586 692 2619 p.
775 2578 817 2608 10
843 2575 969 2618 optem
995 2582 1119 2607 carere
1149 2571 1188 2605 Γ.
1266 2575 1412 2606 11-13
1439 2581 1502 2606 om.
1533 2569 1572 2604 Γ.
1655 2573 1693 2603 11
1722 2579 1831 2613 argu-

275 2637 440 2670 mentum
462 2647 501 2679 p,
527 2634 744 2679 argumento
775 2632 861 2666 PR.
935 2643 966 2665 v.
994 2641 1101 2674 mage
1128 2629 1279 2674 dignum
1306 2631 1379 2664 sive
1402 2628 1532 2663 veniae
1558 2626 1676 2671 magis
1702 2628 1832 2672 aptum

278 2696 339 2737 M,
366 2694 511 2729 veniam
538 2692 618 2727 dari
647 2690 734 2725 PR.
811 2694 852 2724 13
878 2690 957 2724 secl.
987 2689 1042 2724 M.
1094 2689 1222 2732 quavis
1249 2689 1432 2731 Rittersh„
1459 2686 1626 2731 quamvis
1657 2685 1742 2720 1'11’.

371 2753 418 2787 IV
446 2752 553 2787 inser.
587 2749 679 2785 asini
712 2752 750 2785 et
780 2748 934 2794 porcelli
972 2748 1057 2783 ΡΗ.
1151 2754 1165 2782 1
1194 2747 1345 2792 quidam
1371 2758 1453 2781 eum
1480 2745 1708 2780 immolasset
1738 2756 1771 2780 v.
1804 2756 1830 2780 S.

276 2812 318 2846 11.
344 2811 381 2846 Γ.
433 2816 452 2845 2
475 2810 532 2846 cui
547 2810 584 2854 Γ,
611 2810 673 2854 qui
692 2808 777 2843 PR.
839 2812 859 2843 3
881 2806 1070 2851 relliquias
1087 2807 1154 2851 Rq,
1184 2806 1350 2841 ›10101‘11
1400 2805 1500 2840 ordei
1518 2804 1599 2839 121‘.
1663 2808 1683 2838 ⁴
1704 2803 1832 2847 loquu-

276 2874 334 2906 tus
360 2870 404 2906 R.
479 2874 499 2904 5
525 2872 630 2903 tuum
656 2868 816 2903 libenter
841 2878 989 2912 prorsus
1012 2877 1056 2910 p.
1083 2866 1105 2900 l.
1133 2865 1253 2909 (liberi
1280 2867 1335 2899 ter
1357 2865 1465 2909 prius
1494 2863 1549 2908 P)
1575 2865 1602 2897 t.
1630 2874 1682 2907 pr.
1714 2861 1832 2906 PRffi

277 2941 423 2975 prorsus
450 2928 608 2962 libenter
635 2927 669 2961 11⁵
696 2930 777 2961 teste
804 2926 918 2969 Vinea,
943 2937 1042 2970 quem
1069 2928 1157 2968 puto
1184 2925 1345 2968 lapsum:
1371 2923 1394 2958 l.
1421 2922 1531 2958 istum
1559 2921 1649 2965 p.1'.
