2028 3310
624 226 686 260 DE
716 226 927 261 PHAEDRI
956 227 1068 261 VITA
1098 228 1158 262 ET
1186 227 1410 261 SCRIPTIS.
1727 229 1808 263 XIII

472 332 574 374 haec
606 336 782 387 propter
814 333 914 375 illos
949 335 1152 388 scriptast
1184 335 1377 377 homiues
1410 335 1568 376 fabula.

470 418 494 444 a
527 402 748 444 corcodilis
782 417 834 445 ne
867 404 1090 457 rapiantur
1121 406 1380 447 traditumst.

257 483 486 526 Praeterea
522 499 608 526 11011
648 484 749 526 licet
782 485 882 527 elidi
919 486 1106 528 iambica
1145 491 1346 542 sequente
1390 489 1509 530 brevi
1553 501 1628 528 nec
1674 488 1810 542 magis

258 555 448 609 copulari
480 554 626 596 eadem
647 569 741 596 cum
762 559 886 597 acuta
906 559 1076 609 praeter
1103 557 1380 611 imperativos
1402 557 1608 613 quosdam
1634 562 1681 599 ut
1706 561 1809 612 puta

256 624 334 666 hos
368 624 464 678 [HL
487 626 523 679 7,
546 627 615 679 153
649 625 698 676 V,
725 626 764 679 9,
790 626 835 678 4]
870 626 967 667 veni
1000 640 1114 681 erg0‚
1145 630 1240 668 tace
1273 628 1424 682 inquit.
1475 628 1589 677 Quas
1621 629 1665 670 in
1698 628 1809 670 thesi

256 696 394 749 prima
426 696 559 737 factas
591 696 877 737 toleraveram
910 697 1080 739 a.1868
1115 698 1328 748 elisiones,
1360 700 1444 740 iam
1472 714 1617 740 omnes
1639 699 1809 740 damna-

256 766 319 806 vit
351 766 530 808 animus.
592 766 703 808 Item
735 766 857 808 elisio
894 767 1034 808 aliena
1067 768 1120 809 ab
1159 769 1264 822 pede
1297 769 1461 810 ultimo.
1518 770 1692 824 Alioqui
1726 786 1810 811 ma-

256 836 370 877 xima
392 836 576 877 elidendi
603 836 776 878 licent-ia
798 836 872 878 Ph.
894 837 1029 878 utitur
1056 838 1166 879 circa
1197 839 1323 880 initia
1355 854 1552 881 versuum
1585 840 1810 894 thesinquc

255 908 322 948 vel
354 908 468 948 arsin
503 908 714 962 quintam,
747 908 931 948 maxima
965 908 1163 949 cautione
1197 910 1309 950 circa
1341 924 1549 952 caesuras.
1602 910 1729 951 Plura
1760 911 1809 951 de

256 978 480 1032 iungendis
513 979 732 1020 vocalibus
753 978 935 1019 Phaedri
967 978 1126 1032 placita
1160 980 1231 1033 qui
1258 980 1373 1021 volet
1394 994 1662 1034 cognoscere,
1695 982 1809 1036 legat

256 1064 363 1103 quae
406 1050 452 1090 111
491 1050 602 1091 libro
643 1052 790 1090 nostro
829 1062 899 1103 pg.
929 1049 1014 1089 427
1054 1050 1334 1103 reperiuntur.
1409 1050 1608 1093 Ceterum
1650 1055 1806 1106 quantu

255 1133 355 1160 usus
389 1120 446 1161 sit
477 1120 521 1161 in
554 1119 806 1161 elisionibus
840 1118 1092 1160 adhibendis
1130 1120 1196 1161 vel
1230 1121 1420 1162 arcendis
1455 1136 1553 1163 cura
1579 1121 1810 1166 Phaedrus,

254 1189 334 1231 hac
365 1190 549 1244 primum
582 1190 768 1231 editione
799 1189 1068 1243 perspicitur.
1132 1189 1277 1244 Atque
1309 1191 1412 1233 adeo
1445 1191 1595 1233 dubito
1626 1192 1809 1246 plerum-

255 1275 347 1314 que,
380 1276 434 1302 an
464 1261 541 1302 ina
574 1260 666 1314 [1V,
692 1260 730 1313 5,
757 1260 831 1315 343
864 1259 943 1302 VI.
971 1260 1009 1313 8,
1036 1260 1109 1313 21]

431 1353 603 1396 domum
636 1357 679 1395 et
711 1357 962 1395 ornamenta
994 1369 1088 1395 cum
1121 1355 1312 1397 venustis
1344 1355 1529 1397 hortulis

429 1425 568 1465 virum
600 1427 649 1465 ut
681 1425 725 1465 in
756 1438 801 1465 re
836 1424 970 1465 atroci
1002 1424 1186 1480 Magnus
1220 1426 1491 1467 stomachans
1524 1427 1706 1481 imperat

253 1518 457 1559 mutanda
491 1518 577 1559 sint
609 1519 686 1571 eis,
720 1533 825 1573 quae
859 1519 1071 1572 adscripta
1107 1521 1206 1559 sunt
1239 1534 1262 1560 a
1294 1520 1418 1560 nobis
1451 1520 1574 1562 infra.

370 1588 527 1630 Hiatus
567 1591 641 1630 aut
680 1589 982 1643 productiones
1022 1589 1216 1630 brevium
1255 1605 1279 1631 a
1311 1590 1505 1632 Phaedro
1539 1606 1631 1633 esse
1670 1592 1807 1633 aliena

253 1662 321 1701 sat
357 1662 544 1714 constat,
589 1662 764 1713 excepto
805 1659 916 1714 quod
952 1659 1027 1701 ille
1065 1660 1299 1714 dactylicos
1340 1664 1508 1703 secutus
1547 1677 1673 1716 saepe
1711 1679 1806 1717 por—

252 1731 362 1771 rexit
404 1731 448 1772 in
493 1730 644 1771 mediis
689 1730 829 1771 verbis
875 1733 1092 1784 correptas
1144 1734 1243 1772 ante
1287 1735 1450 1773 mutam
1497 1747 1589 1774 cum
1635 1733 1808 1787 liquida.

252 1799 412 1842 Contra
442 1801 629 1842 notanda
661 1800 737 1841 ‘ibi
758 1799 892 1842 stans'
925 1800 1021 1855 <ego
1044 1800 1246 1855 scalpam'
1276 1801 1377 1856 [11],
1404 1803 1442 1856 3,
1460 1803 1531 1856 143
1565 1818 1659 1857 app.
1680 1804 1717 1855 9,
1737 1803 1805 1855 12]

253 1871 447 1913 breviata
478 1872 673 1913 secunda.

371 1941 451 1984 Sed
483 1942 569 1982 iam
602 1942 725 1996 satis3
758 1957 856 1984 nam
889 1942 1051 1983 leviora
1072 1941 1279 1996 quaedam
1310 1943 1353 1984 111
1376 1945 1680 1985 commentario
1713 1948 1805 1986 tan-

252 2015 417 2067 gentur.

840 2308 873 2355 C
888 2303 983 2374 A[P
997 2308 1038 2354 U
1055 2308 1092 2354 T
1143 2308 1208 2354 ΙΙ.

488 2411 562 2453 DE
595 2411 982 2454 EMENDANDIS
1015 2411 1276 2453 PHAEDRI
1309 2412 1568 2454 FABVLIS.

369 2518 490 2567 Quod
517 2518 619 2559 dicit
639 2517 854 2559 Phaedrus
886 2518 931 2559 in
951 2517 1201 2572 promythio
1221 2518 1392 2559 fabulae
1422 2518 1521 2560 libri
1541 2517 1602 2559 IV
1625 2519 1802 2572 primae:

463 2624 534 2678 qui
566 2627 691 2664 natus
725 2627 790 2664 est
822 2623 988 2677 infelix,
1020 2638 1103 2664 non
1136 2624 1269 2665 vitam
1302 2624 1426 2665 modo

461 2694 632 2736 tristem
665 2694 868 2747 decurrit,
900 2708 1046 2735 verum
1079 2698 1178 2747 post
1212 2695 1377 2735 obitum
1411 2709 1577 2748 quoque

461 2766 731 2820 persequitur
762 2764 884 2805 illum
917 2764 1019 2805 (lura
1054 2765 1131 2805 fati
1165 2765 1347 2817 miseria,

251 2871 484 2911 censendus
522 2873 587 2911 est
627 2871 789 2924 optime
828 2870 1098 2911 confirmasse
1139 2870 1329 2923 exemplo
1367 2871 1555 2924 proprio.
1627 2872 1800 2914 Etenim

251 2955 344 2982 cum
378 2955 452 2995 per
483 2944 617 2982 totam
653 2941 781 2981 vitari]
816 2941 1178 2982 obtrectatoribus
1217 2940 1369 2982 fuisset
1402 2941 1627 2996 obnoxius,
1665 2958 1800 2998 neque
