2028 3310
290 209 429 245 XXXII
953 206 1110 241 CAPVT
1137 206 1181 240 ΙΙ.

291 331 467 358 caesura
497 320 544 357 ut
575 315 809 370 plurimum
840 317 939 368 post
971 314 1145 355 tertiam
1179 313 1309 354 arsim
1342 313 1569 366 collocata,
1606 313 1721 354 facta
1750 313 1841 367 ple-

290 401 469 441 rumque
510 385 683 427 elisione
722 384 881 438 finalis,
926 384 961 425 si
998 384 1241 438 proximum
1278 383 1533 425 vocabulum
1574 383 1780 437 inciperet
1818 398 1842 424 a

293 456 444 511 vocali,
482 455 694 497 interdum
725 469 800 509 per
833 455 1059 510 synizesim
1098 455 1112 496 i
1144 455 1281 496 vocali
1319 457 1486 496 mutata
1521 455 1566 495 in
1598 468 1841 495 consonam.

292 525 422 568 Cuius
460 526 521 566 rei
559 525 604 566 in
642 524 885 578 exemplum
924 525 1028 566 satis
1067 525 1149 566 erit
1190 525 1389 566 attulisse
1426 524 1671 578 prologum,
1716 537 1841 578 quem

290 597 363 638 ille
402 595 696 650 anthologiae,
739 595 862 637 <latae
907 595 959 637 ad
990 595 1203 650 Pyrrhum
1234 595 1477 648 Perottum,
1520 593 1668 635 fratris
1706 593 1841 634 filium

291 667 624 720 adulescentem,
656 666 700 707 iu
731 666 874 708 fronte
894 666 1131 708 collocavit.
1173 666 1220 707 Is
1247 666 1382 721 igitur
1413 666 1457 706 in
1477 664 1686 707 Vaticano
1718 663 1842 717 libro,

291 737 326 778 si
359 737 471 778 levia
504 736 710 791 quaedam
744 737 978 792 exceperis,
1009 737 1171 791 legitur
1202 737 1323 778 talis:

500 842 599 884 Non
631 846 730 884 sunt
760 843 806 884 hi
838 843 941 896 mei,
973 857 1078 897 quos
1109 845 1255 896 putas,
1286 841 1500 891 versiculi,

502 912 584 954 Sed
615 913 777 967 Aesopi
810 916 909 954 sunt
941 915 983 954 et
1015 912 1170 953 Avieni
1202 915 1245 952 et
1275 911 1476 965 Phaedri3
1513 947 1516 950 Α

502 982 616 1031 Quos
649 983 822 1037 collegi,
854 986 902 1024 ut
935 985 1095 1035 essent,
1128 982 1310 1036 Pyrrhe,
1341 981 1468 1023 utiles
1501 981 1595 1034 tibi,

501 1053 677 1108 Tuaque
711 1068 838 1095 causa
868 1053 1031 1107 legeret
1063 1053 1307 1106 posteritas,

502 1124 614 1173 Quas
648 1123 881 1164 edidissent
911 1123 993 1163 viri
1025 1123 1140 1164 docti
1173 1123 1354 1174 fabulas,

501 1193 668 1235 Honori
700 1196 743 1234 et
774 1193 940 1234 meritis
973 1193 1118 1234 dicans
1151 1192 1249 1234 illos
1281 1193 1379 1246 tuis,

502 1263 636 1317 Saepe
668 1263 901 1304 versiculos
934 1262 1209 1316 interponens
1242 1277 1371 1316 meos,

502 1333 717 1383 Quasdam
746 1333 833 1374 tuis
867 1333 989 1387 quasi
1020 1333 1198 1374 insidias
1232 1333 1418 1374 auribus.

503 1405 621 1447 Solet
654 1404 810 1459 quippe
841 1403 987 1462 iuvare
1018 1403 1105 1444 ista
1136 1403 1338 1445 varietas.

501 1475 593 1517 Hos
627 1475 663 1516 si
694 1475 812 1528 leges
844 1473 1056 1527 laetabor3
1088 1474 1154 1515 sin
1187 1477 1331 1515 autem
1362 1473 1502 1515 minus

501 1545 736 1587 Habebunt
768 1546 900 1598 certe,
933 1558 1016 1598 quo
1049 1558 1093 1585 se
1125 1544 1343 1586 oblectent
1374 1544 1547 1599 posteri.

500 1616 623 1658 Nunc
654 1615 898 1657 fabularum
931 1629 1004 1656 cur
1036 1615 1094 1656 sit
1124 1615 1346 1657 inventum
1379 1628 1524 1670 genus,

502 1687 630 1728 Brevi
662 1686 833 1728 docebo.
896 1684 1088 1727 Servitus
1122 1686 1318 1739 obnoxia,

503 1758 613 1807 Quia
645 1771 752 1811 quae
785 1756 958 1798 volebat
989 1771 1075 1797 non
1107 1756 1290 1798 audebat
1321 1756 1471 1809 dicere,

501 1828 692 1869 Affectus
724 1827 920 1881 proprios
954 1828 997 1868 in
1027 1826 1208 1868 fabellas
1241 1827 1476 1880 transtulit,

502 1897 855 1952 Calumniamque
887 1897 998 1938 fictis
1033 1897 1162 1939 elusit
1193 1898 1310 1938 iocis.

500 1967 644 2009 Redeo
677 1968 785 2008 unde
818 1967 993 2009 discessi
1026 1967 1078 2008 ad
1110 1968 1306 2009 libellum
1339 1982 1492 2009 meum.

501 2039 624 2080 Hunc
657 2039 899 2080 obtrectare
933 2039 968 2080 si
1000 2039 1118 2080 volet
1149 2039 1411 2093 malignitas,

501 2109 670 2151 Imitari
703 2109 802 2150 dum
834 2123 920 2150 non
952 2109 1106 2163 possit,
1139 2109 1354 2150 obtrectet
1384 2109 1495 2150 lieet.

502 2179 612 2220 Mihi
643 2192 800 2233 magna
831 2179 923 2220 laus
957 2182 1040 2231 est,
1073 2179 1183 2233 quod
1215 2183 1281 2232 tu,
1316 2180 1427 2234 quod
1460 2179 1623 2221 similes
1655 2179 1718 2220 tui

503 2249 690 2291 Labores
724 2249 908 2289 libenter
941 2248 1087 2302 legant
1119 2263 1250 2303 usque
1283 2264 1413 2303 meos,

503 2320 755 2374 Dignosque
787 2319 918 2373 longa
949 2319 1136 2360 iudicent
1171 2321 1385 2362 memoria.

505 2390 681 2445 Semper
713 2391 886 2444 fugatae
919 2390 1015 2444 plus
1048 2391 1254 2431 vetustati
1287 2391 1404 2432 favet

505 2461 673 2502 Invidia
704 2459 879 2501 mordax
913 2474 1039 2514 qua-m
1073 2460 1196 2502 bonis
1230 2461 1538 2514 praesentibus.

410 2568 459 2610 In
490 2568 557 2609 his
590 2567 843 2621 quicumque
865 2566 1138 2607 inveniuntur
1159 2581 1304 2607 versus
1327 2566 1428 2608 boni
1449 2570 1492 2608 et·
1513 2566 1659 2621 quales
1682 2570 1844 2608 veteres

292 2639 473 2681 Romani
518 2638 657 2679 facere
703 2639 802 2678 sunt
847 2636 981 2691 soliti,
1034 2637 1083 2677 ad
1128 2652 1254 2678 unum
1301 2652 1447 2679 omnes
1493 2640 1592 2678 suut
1635 2637 1750 2679 ducti
1795 2652 1844 2679 ex

293 2709 476 2751 Phaedri
515 2707 692 2749 fabulis:
737 2707 889 2761 reliqui
939 2707 988 2748 ad
1029 2722 1099 2748 eas
1145 2707 1261 2762 leges
1308 2713 1406 2750 suut
1447 2708 1696 2762 conscripti,
1740 2722 1845 2763 quas

294 2794 419 2833 supra
454 2779 649 2820 indicavi.
711 2778 851 2820 Isdem
891 2778 1016 2833 plane
1056 2778 1267 2833 rhythmis
1310 2782 1479 2821 constat
1522 2778 1708 2819 eiusdem
1743 2778 1846 2820 Rib-

294 2849 431 2890 beekii
466 2849 680 2904 Sipontiui
714 2864 883 2891 carmen
924 2849 974 2890 ad
1003 2847 1300 2903 Contrarium,
1333 2849 1442 2904 quod
1476 2849 1542 2890 eui
1576 2849 1752 2890 libuerit
1785 2849 1844 2890 iu-

295 2920 436 2962 veniet
468 2920 597 2974 praef.
630 2920 691 2962 ed.
718 2920 962 2961 Orellianae
996 2932 1064 2973 pg.
1094 2920 1159 2960 23.
