<?xml version="1.0" encoding="UTF-8"?>
<!DOCTYPE html PUBLIC "-//W3C//DTD XHTML 1.0 Transitional//EN"
    "http://www.w3.org/TR/xhtml1/DTD/xhtml1-transitional.dtd">
<html xmlns="http://www.w3.org/1999/xhtml" xml:lang="en" lang="en">
 <head>
  <title>
</title>
<meta http-equiv="Content-Type" content="text/html;charset=utf-8" />
  <meta name='ocr-system' content='tesseract 3.04.00' />
  <meta name='ocr-capabilities' content='ocr_page ocr_carea ocr_par ocr_line ocrx_word'/>
</head>
<body>
  <div class='ocr_page' id='page_1' title='image "./fabularumaesopia00phaeuoft_0086.png"; bbox 0 0 2028 3310; ppageno 0'>
   <div class='ocr_carea' id='block_1_1' title="bbox 262 189 1304 234">
    <p class='ocr_par' dir='ltr' id='par_1_1' title="bbox 262 189 1304 234">
     <span class='ocr_line' id='line_1_1' title="bbox 262 189 1304 234; baseline -0.01 0"><span class='ocrx_word' id='word_1_1' title='bbox 262 193 319 234; x_wconf 83' lang='lat'>40</span> <span class='ocrx_word' id='word_1_2' title='bbox 767 190 981 225; x_wconf 84' lang='lat' dir='ltr'><strong>PHAEDRI</strong></span> <span class='ocrx_word' id='word_1_3' title='bbox 1005 189 1304 224; x_wconf 85' lang='lat' dir='ltr'><strong>FABVLARVM</strong></span> 
     </span>
    </p>
   </div>
   <div class='ocr_carea' id='block_1_2' title="bbox 567 295 1508 413">
    <p class='ocr_par' dir='ltr' id='par_1_2' title="bbox 567 295 1508 413">
     <span class='ocr_line' id='line_1_2' title="bbox 981 295 1094 337; baseline 0.009 -1"><span class='ocrx_word' id='word_1_4' title='bbox 981 295 1094 337; x_wconf 88' lang='lat' dir='ltr'>XIX.</span> 
     </span>
     <span class='ocr_line' id='line_1_3' title="bbox 567 366 1508 413; baseline -0.002 -12"><span class='ocrx_word' id='word_1_5' title='bbox 567 368 828 413; x_wconf 75' lang='lat' dir='ltr'>[AESOPVS</span> <span class='ocrx_word' id='word_1_6' title='bbox 853 366 1184 400; x_wconf 76' lang='lat' dir='ltr'><strong>RESPONDET</strong></span> <span class='ocrx_word' id='word_1_7' title='bbox 1211 366 1508 410; x_wconf 78' lang='lat' dir='ltr'><strong>GARRVLO.]</strong></span> 
     </span>
    </p>
   </div>
   <div class='ocr_carea' id='block_1_3' title="bbox 475 437 1824 1268">
    <p class='ocr_par' dir='ltr' id='par_1_3' title="bbox 475 437 1824 1268">
     <span class='ocr_line' id='line_1_4' title="bbox 547 437 1580 492; baseline -0.001 -12"><span class='ocrx_word' id='word_1_8' title='bbox 547 439 744 492; x_wconf 78' lang='lat' dir='ltr'>Aesopus</span> <span class='ocrx_word' id='word_1_9' title='bbox 776 437 949 479; x_wconf 87' lang='lat' dir='ltr'>domino</span> <span class='ocrx_word' id='word_1_10' title='bbox 982 437 1098 478; x_wconf 90' lang='lat' dir='ltr'>solus</span> <span class='ocrx_word' id='word_1_11' title='bbox 1131 451 1225 478; x_wconf 88' lang='lat' dir='ltr'>cum</span> <span class='ocrx_word' id='word_1_12' title='bbox 1258 440 1372 479; x_wconf 87' lang='lat' dir='ltr'>esset</span> <span class='ocrx_word' id='word_1_13' title='bbox 1402 438 1580 492; x_wconf 80' lang='lat' dir='ltr'>familia,</span> 
     </span>
     <span class='ocr_line' id='line_1_5' title="bbox 475 508 1335 551; baseline -0.002 0"><span class='ocrx_word' id='word_1_14' title='bbox 475 510 633 551; x_wconf 85' lang='lat' dir='ltr'>Parare</span> <span class='ocrx_word' id='word_1_15' title='bbox 658 523 807 550; x_wconf 86' lang='lat' dir='ltr'>cenam</span> <span class='ocrx_word' id='word_1_16' title='bbox 838 508 979 549; x_wconf 89' lang='lat' dir='ltr'>iussus</span> <span class='ocrx_word' id='word_1_17' title='bbox 1010 510 1077 550; x_wconf 89' lang='lat' dir='ltr'>est</span> <span class='ocrx_word' id='word_1_18' title='bbox 1112 508 1335 549; x_wconf 84' lang='lat' dir='ltr'>maturius.</span> 
     </span>
     <span class='ocr_line' id='line_1_6' title="bbox 478 578 1601 633; baseline -0.001 -13"><span class='ocrx_word' id='word_1_19' title='bbox 478 580 628 633; x_wconf 83' lang='lat' dir='ltr'><strong>Ignem</strong></span> <span class='ocrx_word' id='word_1_20' title='bbox 656 591 758 632; x_wconf 86' lang='lat' dir='ltr'>ergo</span> <span class='ocrx_word' id='word_1_21' title='bbox 785 593 993 632; x_wconf 81' lang='lat' dir='ltr'>quaerens</span> <span class='ocrx_word' id='word_1_22' title='bbox 1020 578 1185 633; x_wconf 75' lang='lat' dir='ltr'>aliquot</span> <span class='ocrx_word' id='word_1_23' title='bbox 1210 578 1413 620; x_wconf 80' lang='lat' dir='ltr'>lustravit</span> <span class='ocrx_word' id='word_1_24' title='bbox 1438 579 1601 632; x_wconf 82' lang='lat' dir='ltr'>domus,</span> 
     </span>
     <span class='ocr_line' id='line_1_7' title="bbox 477 649 1612 704; baseline 0 -14"><span class='ocrx_word' id='word_1_25' title='bbox 477 649 752 704; x_wconf 79' lang='lat' dir='ltr'>Tandemque</span> <span class='ocrx_word' id='word_1_26' title='bbox 783 649 964 700; x_wconf 87' lang='lat' dir='ltr'>invenit,</span> <span class='ocrx_word' id='word_1_27' title='bbox 996 649 1071 690; x_wconf 93' lang='lat' dir='ltr'>ubi</span> <span class='ocrx_word' id='word_1_28' title='bbox 1102 649 1319 690; x_wconf 76' lang='lat' dir='ltr'>lucernam</span> <span class='ocrx_word' id='word_1_29' title='bbox 1353 649 1612 691; x_wconf 84' lang='lat' dir='ltr'>accenderet.</span> 
     </span>
     <span class='ocr_line' id='line_1_8' title="bbox 479 719 1819 774; baseline -0.001 -14"><span class='ocrx_word' id='word_1_30' title='bbox 479 719 590 761; x_wconf 87' lang='lat' dir='ltr'>Tum</span> <span class='ocrx_word' id='word_1_31' title='bbox 622 719 780 761; x_wconf 87' lang='lat' dir='ltr'>circum</span> <span class='ocrx_word' id='word_1_32' title='bbox 812 719 929 761; x_wconf 88' lang='lat' dir='ltr'>eunti</span> <span class='ocrx_word' id='word_1_33' title='bbox 961 719 1103 761; x_wconf 86' lang='lat' dir='ltr'>fuerat</span> <span class='ocrx_word' id='word_1_34' title='bbox 1133 719 1245 774; x_wconf 87' lang='lat' dir='ltr'>quod</span> <span class='ocrx_word' id='word_1_35' title='bbox 1275 719 1357 761; x_wconf 91' lang='lat' dir='ltr'>iter</span> <span class='ocrx_word' id='word_1_36' title='bbox 1389 719 1560 774; x_wconf 83' lang='lat' dir='ltr'>longius</span> <span class='ocrx_word' id='word_1_37' title='bbox 1799 731 1819 759; x_wconf 85' lang='lat'>5</span> 
     </span>
     <span class='ocr_line' id='line_1_9' title="bbox 478 789 1498 844; baseline -0.001 -13"><span class='ocrx_word' id='word_1_38' title='bbox 478 789 635 832; x_wconf 87' lang='lat' dir='ltr'>Effecit</span> <span class='ocrx_word' id='word_1_39' title='bbox 665 790 855 832; x_wconf 86' lang='lat' dir='ltr'>brevius:</span> <span class='ocrx_word' id='word_1_40' title='bbox 886 804 1069 844; x_wconf 84' lang='lat' dir='ltr'>namque</span> <span class='ocrx_word' id='word_1_41' title='bbox 1100 792 1219 831; x_wconf 83' lang='lat' dir='ltr'>recta</span> <span class='ocrx_word' id='word_1_42' title='bbox 1249 804 1325 844; x_wconf 90' lang='lat' dir='ltr'>per</span> <span class='ocrx_word' id='word_1_43' title='bbox 1355 790 1498 831; x_wconf 84' lang='lat' dir='ltr'>forum</span> 
     </span>
     <span class='ocr_line' id='line_1_10' title="bbox 481 859 1582 915; baseline 0 -14"><span class='ocrx_word' id='word_1_44' title='bbox 481 859 632 915; x_wconf 80' lang='lat' dir='ltr'>Coepit</span> <span class='ocrx_word' id='word_1_45' title='bbox 656 860 806 902; x_wconf 88' lang='lat' dir='ltr'>redire.</span> <span class='ocrx_word' id='word_1_46' title='bbox 855 860 913 902; x_wconf 90' lang='lat' dir='ltr'>Et</span> <span class='ocrx_word' id='word_1_47' title='bbox 940 860 1113 914; x_wconf 83' lang='lat' dir='ltr'>quidam</span> <span class='ocrx_word' id='word_1_48' title='bbox 1139 874 1186 901; x_wconf 85' lang='lat' dir='ltr'>ec</span> <span class='ocrx_word' id='word_1_49' title='bbox 1212 861 1339 901; x_wconf 87' lang='lat' dir='ltr'>turba</span> <span class='ocrx_word' id='word_1_50' title='bbox 1365 860 1582 915; x_wconf 83' lang='lat' dir='ltr'>garrulus:</span> 
     </span>
     <span class='ocr_line' id='line_1_11' title="bbox 481 931 1446 985; baseline 0 -13"><span class='ocrx_word' id='word_1_51' title='bbox 481 932 668 985; x_wconf 88' lang='lat' dir='ltr'>Aesope,</span> <span class='ocrx_word' id='word_1_52' title='bbox 700 931 839 972; x_wconf 89' lang='lat' dir='ltr'>medio</span> <span class='ocrx_word' id='word_1_53' title='bbox 873 931 963 973; x_wconf 87' lang='lat' dir='ltr'>sole</span> <span class='ocrx_word' id='word_1_54' title='bbox 997 931 1096 985; x_wconf 86' lang='lat' dir='ltr'>quid</span> <span class='ocrx_word' id='word_1_55' title='bbox 1129 945 1224 972; x_wconf 88' lang='lat' dir='ltr'>cum</span> <span class='ocrx_word' id='word_1_56' title='bbox 1255 931 1446 972; x_wconf 80' lang='lat' dir='ltr'>lumine?</span> 
     </span>
     <span class='ocr_line' id='line_1_12' title="bbox 480 1001 1744 1056; baseline 0.001 -14"><span class='ocrx_word' id='word_1_57' title='bbox 480 1001 724 1056; x_wconf 80' lang='lat' dir='ltr'>Hominem,</span> <span class='ocrx_word' id='word_1_58' title='bbox 750 1002 902 1056; x_wconf 83' lang='lat' dir='ltr'>inquit,</span> <span class='ocrx_word' id='word_1_59' title='bbox 927 1016 1097 1056; x_wconf 80' lang='lat' dir='ltr'>quaero,</span> <span class='ocrx_word' id='word_1_60' title='bbox 1124 1003 1166 1042; x_wconf 92' lang='lat' dir='ltr'>et</span> <span class='ocrx_word' id='word_1_61' title='bbox 1191 1001 1300 1042; x_wconf 80' lang='lat' dir='ltr'>abiit</span> <span class='ocrx_word' id='word_1_62' title='bbox 1324 1001 1533 1043; x_wconf 84' lang='lat' dir='ltr'>festinans</span> <span class='ocrx_word' id='word_1_63' title='bbox 1560 1002 1744 1044; x_wconf 87' lang='lat' dir='ltr'>domum.</span> 
     </span>
     <span class='ocr_line' id='line_1_13' title="bbox 552 1071 1824 1127; baseline 0.001 -14"><span class='ocrx_word' id='word_1_64' title='bbox 552 1071 646 1113; x_wconf 88' lang='lat' dir='ltr'>Hoc</span> <span class='ocrx_word' id='word_1_65' title='bbox 679 1072 714 1113; x_wconf 89' lang='lat' dir='ltr'>si</span> <span class='ocrx_word' id='word_1_66' title='bbox 746 1072 953 1113; x_wconf 85' lang='lat' dir='ltr'>molestus</span> <span class='ocrx_word' id='word_1_67' title='bbox 986 1072 1058 1113; x_wconf 90' lang='lat' dir='ltr'>ille</span> <span class='ocrx_word' id='word_1_68' title='bbox 1090 1072 1143 1113; x_wconf 83' lang='lat' dir='ltr'>ad</span> <span class='ocrx_word' id='word_1_69' title='bbox 1175 1072 1365 1113; x_wconf 85' lang='lat' dir='ltr'>animum</span> <span class='ocrx_word' id='word_1_70' title='bbox 1396 1073 1578 1127; x_wconf 89' lang='lat' dir='ltr'>rettulit,</span> <span class='ocrx_word' id='word_1_71' title='bbox 1782 1084 1824 1114; x_wconf 90' lang='lat'>10</span> 
     </span>
     <span class='ocr_line' id='line_1_14' title="bbox 484 1142 1602 1197; baseline 0 -13"><span class='ocrx_word' id='word_1_72' title='bbox 484 1143 628 1184; x_wconf 78' lang='lat' dir='ltr'>Sensit</span> <span class='ocrx_word' id='word_1_73' title='bbox 658 1143 850 1197; x_wconf 86' lang='lat' dir='ltr'>profecto</span> <span class='ocrx_word' id='word_1_74' title='bbox 884 1157 927 1184; x_wconf 90' lang='lat' dir='ltr'>se</span> <span class='ocrx_word' id='word_1_75' title='bbox 959 1142 1178 1184; x_wconf 88' lang='lat' dir='ltr'>hominem</span> <span class='ocrx_word' id='word_1_76' title='bbox 1209 1157 1295 1184; x_wconf 89' lang='lat' dir='ltr'>non</span> <span class='ocrx_word' id='word_1_77' title='bbox 1326 1143 1466 1184; x_wconf 86' lang='lat' dir='ltr'>visum</span> <span class='ocrx_word' id='word_1_78' title='bbox 1499 1144 1602 1196; x_wconf 89' lang='lat' dir='ltr'>seni,</span> 
     </span>
     <span class='ocr_line' id='line_1_15' title="bbox 484 1213 1384 1268; baseline 0 -14"><span class='ocrx_word' id='word_1_79' title='bbox 484 1214 790 1268; x_wconf 70' lang='lat' dir='ltr'>Intempestive</span> <span class='ocrx_word' id='word_1_80' title='bbox 822 1213 896 1268; x_wconf 89' lang='lat' dir='ltr'>qui</span> <span class='ocrx_word' id='word_1_81' title='bbox 928 1215 1133 1267; x_wconf 85' lang='lat' dir='ltr'>occupato</span> <span class='ocrx_word' id='word_1_82' title='bbox 1167 1213 1384 1255; x_wconf 81' lang='lat' dir='ltr'>adluserit.</span> 
     </span>
    </p>
   </div>
   <div class='ocr_carea' id='block_1_4' title="bbox 934 1352 1160 1400">
    <p class='ocr_par' dir='ltr' id='par_1_4' title="bbox 934 1352 1160 1400">
     <span class='ocr_line' id='line_1_16' title="bbox 934 1352 1160 1400; baseline 0.004 -13"><span class='ocrx_word' id='word_1_83' title='bbox 934 1352 1160 1400; x_wconf 65' lang='lat' dir='ltr'>[POETA]</span> 
     </span>
    </p>
   </div>
   <div class='ocr_carea' id='block_1_5' title="bbox 486 1426 1830 2046">
    <p class='ocr_par' dir='ltr' id='par_1_5' title="bbox 486 1426 1830 2046">
     <span class='ocr_line' id='line_1_17' title="bbox 557 1426 1715 1482; baseline 0.001 -14"><span class='ocrx_word' id='word_1_84' title='bbox 557 1426 796 1480; x_wconf 78' lang='lat' dir='ltr'>Supersunt</span> <span class='ocrx_word' id='word_1_85' title='bbox 820 1426 925 1466; x_wconf 88' lang='lat' dir='ltr'>mihi</span> <span class='ocrx_word' id='word_1_86' title='bbox 951 1440 1058 1480; x_wconf 85' lang='lat' dir='ltr'>quae</span> <span class='ocrx_word' id='word_1_87' title='bbox 1084 1427 1281 1481; x_wconf 82' lang='lat' dir='ltr'>scribam,</span> <span class='ocrx_word' id='word_1_88' title='bbox 1307 1426 1381 1469; x_wconf 89' lang='lat' dir='ltr'>sed</span> <span class='ocrx_word' id='word_1_89' title='bbox 1405 1441 1534 1482; x_wconf 82' lang='lat' dir='ltr'>parco</span> <span class='ocrx_word' id='word_1_90' title='bbox 1561 1428 1715 1481; x_wconf 83' lang='lat' dir='ltr'>sciens3</span> 
     </span>
     <span class='ocr_line' id='line_1_18' title="bbox 486 1496 1444 1552; baseline 0.001 -14"><span class='ocrx_word' id='word_1_91' title='bbox 486 1497 677 1538; x_wconf 84' lang='lat' dir='ltr'>Primum</span> <span class='ocrx_word' id='word_1_92' title='bbox 710 1511 803 1538; x_wconf 90' lang='lat' dir='ltr'>esse</span> <span class='ocrx_word' id='word_1_93' title='bbox 834 1496 979 1538; x_wconf 85' lang='lat' dir='ltr'>videar</span> <span class='ocrx_word' id='word_1_94' title='bbox 1009 1511 1063 1538; x_wconf 92' lang='lat' dir='ltr'>ne</span> <span class='ocrx_word' id='word_1_95' title='bbox 1093 1497 1175 1538; x_wconf 90' lang='lat' dir='ltr'>tibi</span> <span class='ocrx_word' id='word_1_96' title='bbox 1208 1498 1444 1552; x_wconf 83' lang='lat' dir='ltr'>molestior,</span> 
     </span>
     <span class='ocr_line' id='line_1_19' title="bbox 487 1567 1558 1622; baseline 0.002 -13"><span class='ocrx_word' id='word_1_97' title='bbox 487 1567 726 1622; x_wconf 80' lang='lat' dir='ltr'>Distringit</span> <span class='ocrx_word' id='word_1_98' title='bbox 759 1582 884 1622; x_wconf 89' lang='lat' dir='ltr'>quem</span> <span class='ocrx_word' id='word_1_99' title='bbox 917 1568 1148 1610; x_wconf 77' lang='lat' dir='ltr'>multarum</span> <span class='ocrx_word' id='word_1_100' title='bbox 1181 1583 1322 1610; x_wconf 86' lang='lat' dir='ltr'>rerum</span> <span class='ocrx_word' id='word_1_101' title='bbox 1354 1569 1558 1621; x_wconf 80' lang='lat' dir='ltr'>varietas3</span> 
     </span>
     <span class='ocr_line' id='line_1_20' title="bbox 487 1638 1398 1693; baseline 0.001 -13"><span class='ocrx_word' id='word_1_102' title='bbox 487 1638 600 1680; x_wconf 86' lang='lat' dir='ltr'>Dein</span> <span class='ocrx_word' id='word_1_103' title='bbox 631 1638 764 1693; x_wconf 88' lang='lat' dir='ltr'>siquis</span> <span class='ocrx_word' id='word_1_104' title='bbox 798 1638 943 1680; x_wconf 80' lang='lat' dir='ltr'>eadem</span> <span class='ocrx_word' id='word_1_105' title='bbox 974 1638 1086 1681; x_wconf 83' lang='lat' dir='ltr'>forte</span> <span class='ocrx_word' id='word_1_106' title='bbox 1119 1640 1262 1680; x_wconf 82' lang='lat' dir='ltr'>conari</span> <span class='ocrx_word' id='word_1_107' title='bbox 1293 1639 1398 1681; x_wconf 88' lang='lat' dir='ltr'>velit</span> 
     </span>
     <span class='ocr_line' id='line_1_21' title="bbox 488 1709 1830 1764; baseline 0.002 -14"><span class='ocrx_word' id='word_1_108' title='bbox 488 1709 659 1751; x_wconf 81' lang='lat' dir='ltr'>Habere</span> <span class='ocrx_word' id='word_1_109' title='bbox 691 1711 740 1751; x_wconf 89' lang='lat' dir='ltr'>ut</span> <span class='ocrx_word' id='word_1_110' title='bbox 771 1709 910 1763; x_wconf 84' lang='lat' dir='ltr'>possit</span> <span class='ocrx_word' id='word_1_111' title='bbox 943 1709 1106 1764; x_wconf 74' lang='lat' dir='ltr'>aliquid</span> <span class='ocrx_word' id='word_1_112' title='bbox 1139 1710 1279 1764; x_wconf 88' lang='lat' dir='ltr'>operis</span> <span class='ocrx_word' id='word_1_113' title='bbox 1312 1711 1489 1752; x_wconf 83' lang='lat' dir='ltr'>residui:</span> <span class='ocrx_word' id='word_1_114' title='bbox 1810 1723 1830 1753; x_wconf 85' lang='lat'>5</span> 
     </span>
     <span class='ocr_line' id='line_1_22' title="bbox 490 1779 1472 1836; baseline 0.001 -15"><span class='ocrx_word' id='word_1_115' title='bbox 490 1779 693 1830; x_wconf 81' lang='lat' dir='ltr'>Quamvis</span> <span class='ocrx_word' id='word_1_116' title='bbox 725 1780 933 1822; x_wconf 82' lang='lat' dir='ltr'>materiae</span> <span class='ocrx_word' id='word_1_117' title='bbox 964 1782 1088 1822; x_wconf 77' lang='lat' dir='ltr'>tanta</span> <span class='ocrx_word' id='word_1_118' title='bbox 1120 1780 1306 1822; x_wconf 78' lang='lat' dir='ltr'>abundet</span> <span class='ocrx_word' id='word_1_119' title='bbox 1338 1782 1472 1836; x_wconf 79' lang='lat' dir='ltr'>copia,</span> 
     </span>
     <span class='ocr_line' id='line_1_23' title="bbox 489 1850 1466 1906; baseline 0.001 -14"><span class='ocrx_word' id='word_1_120' title='bbox 489 1851 645 1892; x_wconf 78' lang='lat' dir='ltr'>Labori</span> <span class='ocrx_word' id='word_1_121' title='bbox 676 1850 799 1892; x_wconf 80' lang='lat' dir='ltr'>faber</span> <span class='ocrx_word' id='word_1_122' title='bbox 829 1853 878 1892; x_wconf 89' lang='lat' dir='ltr'>ut</span> <span class='ocrx_word' id='word_1_123' title='bbox 910 1850 1032 1906; x_wconf 85' lang='lat' dir='ltr'>desit,</span> <span class='ocrx_word' id='word_1_124' title='bbox 1062 1866 1148 1892; x_wconf 85' lang='lat' dir='ltr'>non</span> <span class='ocrx_word' id='word_1_125' title='bbox 1178 1851 1300 1893; x_wconf 83' lang='lat' dir='ltr'>fabro</span> <span class='ocrx_word' id='word_1_126' title='bbox 1333 1851 1466 1893; x_wconf 79' lang='lat' dir='ltr'>labor.</span> 
     </span>
     <span class='ocr_line' id='line_1_24' title="bbox 490 1921 1598 1978; baseline 0.002 -15"><span class='ocrx_word' id='word_1_127' title='bbox 490 1921 701 1963; x_wconf 82' lang='lat' dir='ltr'>Brevitati</span> <span class='ocrx_word' id='word_1_128' title='bbox 732 1924 908 1964; x_wconf 85' lang='lat' dir='ltr'>nostrae</span> <span class='ocrx_word' id='word_1_129' title='bbox 938 1922 1177 1976; x_wconf 82' lang='lat' dir='ltr'>praemium</span> <span class='ocrx_word' id='word_1_130' title='bbox 1207 1925 1256 1963; x_wconf 90' lang='lat' dir='ltr'>ut</span> <span class='ocrx_word' id='word_1_131' title='bbox 1287 1923 1454 1977; x_wconf 81' lang='lat' dir='ltr'>reddas,</span> <span class='ocrx_word' id='word_1_132' title='bbox 1486 1926 1598 1978; x_wconf 81' lang='lat' dir='ltr'>peto,</span> 
     </span>
     <span class='ocr_line' id='line_1_25' title="bbox 492 1992 1462 2046; baseline 0.001 -13"><span class='ocrx_word' id='word_1_133' title='bbox 492 1992 613 2042; x_wconf 83' lang='lat' dir='ltr'>Quod</span> <span class='ocrx_word' id='word_1_134' title='bbox 647 2007 690 2034; x_wconf 91' lang='lat' dir='ltr'>es</span> <span class='ocrx_word' id='word_1_135' title='bbox 722 1992 959 2046; x_wconf 82' lang='lat' dir='ltr'>pollicitus:</span> <span class='ocrx_word' id='word_1_136' title='bbox 993 1992 1145 2043; x_wconf 77' lang='lat' dir='ltr'>exhibe</span> <span class='ocrx_word' id='word_1_137' title='bbox 1176 1993 1292 2034; x_wconf 85' lang='lat' dir='ltr'>vocis</span> <span class='ocrx_word' id='word_1_138' title='bbox 1324 1993 1462 2035; x_wconf 84' lang='lat' dir='ltr'>fidem.</span> 
     </span>
    </p>
   </div>
   <div class='ocr_carea' id='block_1_6' title="bbox 382 2101 561 2105">
    <p class='ocr_par' dir='ltr' id='par_1_6' title="bbox 382 2101 561 2105">
     <span class='ocr_line' id='line_1_26' title="bbox 382 2101 561 2105; baseline 0 0"><span class='ocrx_word' id='word_1_139' title='bbox 382 2101 561 2105; x_wconf 95' lang='lat' dir='ltr'> </span> 
     </span>
    </p>
   </div>
   <div class='ocr_carea' id='block_1_7' title="bbox 281 2155 1838 2968">
    <p class='ocr_par' dir='ltr' id='par_1_7' title="bbox 281 2155 1836 2436">
     <span class='ocr_line' id='line_1_27' title="bbox 374 2155 1834 2200; baseline 0.001 -9"><span class='ocrx_word' id='word_1_140' title='bbox 374 2156 476 2200; x_wconf 85' lang='lat' dir='ltr'>XIX,</span> <span class='ocrx_word' id='word_1_141' title='bbox 505 2162 521 2191; x_wconf 92' lang='lat'>1</span> <span class='ocrx_word' id='word_1_142' title='bbox 557 2168 639 2191; x_wconf 84' lang='lat' dir='ltr'>cum</span> <span class='ocrx_word' id='word_1_143' title='bbox 666 2157 763 2191; x_wconf 86' lang='lat' dir='ltr'>esset</span> <span class='ocrx_word' id='word_1_144' title='bbox 788 2156 886 2191; x_wconf 89' lang='lat' dir='ltr'>solus</span> <span class='ocrx_word' id='word_1_145' title='bbox 914 2155 954 2190; x_wconf 79' lang='lat' dir='ltr'>V.</span> <span class='ocrx_word' id='word_1_146' title='bbox 1034 2160 1054 2190; x_wconf 78' lang='lat'><strong>2</strong></span> <span class='ocrx_word' id='word_1_147' title='bbox 1082 2167 1210 2191; x_wconf 86' lang='lat' dir='ltr'>cenam</span> <span class='ocrx_word' id='word_1_148' title='bbox 1240 2156 1283 2190; x_wconf 93' lang='lat' dir='ltr'>P.</span> <span class='ocrx_word' id='word_1_149' title='bbox 1369 2161 1388 2191; x_wconf 83' lang='lat'><strong>3</strong></span> <span class='ocrx_word' id='word_1_150' title='bbox 1417 2156 1546 2191; x_wconf 86' lang='lat' dir='ltr'>domus</span> <span class='ocrx_word' id='word_1_151' title='bbox 1575 2158 1671 2200; x_wconf 79' lang='lat' dir='ltr'>PR,-</span> <span class='ocrx_word' id='word_1_152' title='bbox 1706 2158 1834 2193; x_wconf 84' lang='lat' dir='ltr'>domos</span> 
     </span>
     <span class='ocr_line' id='line_1_28' title="bbox 281 2215 1834 2261; baseline -0.001 -9"><span class='ocrx_word' id='word_1_153' title='bbox 281 2229 312 2252; x_wconf 81' lang='lat' dir='ltr'>a.</span> <span class='ocrx_word' id='word_1_154' title='bbox 339 2217 362 2251; x_wconf 91' lang='lat'>1.</span> <span class='ocrx_word' id='word_1_155' title='bbox 386 2216 425 2251; x_wconf 88' lang='lat' dir='ltr'>V.</span> <span class='ocrx_word' id='word_1_156' title='bbox 510 2220 529 2250; x_wconf 80' lang='grc' dir='ltr'>ὃ</span> <span class='ocrx_word' id='word_1_157' title='bbox 557 2215 695 2250; x_wconf 87' lang='lat' dir='ltr'>circum</span> <span class='ocrx_word' id='word_1_158' title='bbox 721 2215 823 2250; x_wconf 86' lang='lat' dir='ltr'>eunti</span> <span class='ocrx_word' id='word_1_159' title='bbox 851 2216 907 2257; x_wconf 81' lang='lat' dir='ltr'>M,</span> <span class='ocrx_word' id='word_1_160' title='bbox 941 2215 1183 2250; x_wconf 84' lang='lat' dir='ltr'>circumeunti</span> <span class='ocrx_word' id='word_1_161' title='bbox 1210 2227 1238 2250; x_wconf 71' lang='grc' dir='ltr'>ι’.</span> <span class='ocrx_word' id='word_1_162' title='bbox 1321 2220 1339 2249; x_wconf 89' lang='grc'>7</span> <span class='ocrx_word' id='word_1_163' title='bbox 1367 2215 1485 2251; x_wconf 81' lang='lat' dir='ltr'>ridere</span> <span class='ocrx_word' id='word_1_164' title='bbox 1513 2216 1647 2260; x_wconf 79' lang='lat' dir='ltr'>(redire</span> <span class='ocrx_word' id='word_1_165' title='bbox 1671 2217 1730 2259; x_wconf 77' lang='lat' dir='ltr'>N)</span> <span class='ocrx_word' id='word_1_166' title='bbox 1755 2217 1834 2261; x_wconf 85' lang='lat' dir='ltr'>qui—</span> 
     </span>
     <span class='ocr_line' id='line_1_29' title="bbox 282 2274 1833 2319; baseline 0.001 -9"><span class='ocrx_word' id='word_1_167' title='bbox 282 2277 368 2311; x_wconf 84' lang='lat' dir='ltr'>dam</span> <span class='ocrx_word' id='word_1_168' title='bbox 387 2275 478 2318; x_wconf 89' lang='lat' dir='ltr'>NV,</span> <span class='ocrx_word' id='word_1_169' title='bbox 513 2275 633 2309; x_wconf 83' lang='lat' dir='ltr'>redire</span> <span class='ocrx_word' id='word_1_170' title='bbox 659 2275 697 2309; x_wconf 87' lang='lat' dir='ltr'>et</span> <span class='ocrx_word' id='word_1_171' title='bbox 722 2274 869 2319; x_wconf 88' lang='lat' dir='ltr'>quidem</span> <span class='ocrx_word' id='word_1_172' title='bbox 896 2275 930 2308; x_wconf 88' lang='lat' dir='ltr'><em>B</em></span> <span class='ocrx_word' id='word_1_173' title='bbox 957 2275 1013 2317; x_wconf 75' lang='lat' dir='ltr'>(cle</span> <span class='ocrx_word' id='word_1_174' title='bbox 1038 2274 1074 2308; x_wconf 76' lang='lat'>11¹-</span> <span class='ocrx_word' id='word_1_175' title='bbox 1099 2285 1174 2309; x_wconf 77' lang='lat' dir='ltr'>non</span> <span class='ocrx_word' id='word_1_176' title='bbox 1198 2276 1361 2319; x_wconf 74' lang='lat' dir='ltr'>constat).</span> <span class='ocrx_word' id='word_1_177' title='bbox 1418 2286 1459 2310; x_wconf 80' lang='lat' dir='ltr'>ec</span> <span class='ocrx_word' id='word_1_178' title='bbox 1488 2276 1550 2318; x_wconf 77' lang='lat' dir='ltr'>M,</span> <span class='ocrx_word' id='word_1_179' title='bbox 1577 2277 1634 2310; x_wconf 80' lang='lat' dir='ltr'>est</span> <span class='ocrx_word' id='word_1_180' title='bbox 1660 2276 1711 2319; x_wconf 88' lang='lat' dir='ltr'>P,</span> <span class='ocrx_word' id='word_1_181' title='bbox 1749 2288 1768 2312; x_wconf 87' lang='lat' dir='ltr'>e</span> <span class='ocrx_word' id='word_1_182' title='bbox 1795 2276 1833 2311; x_wconf 71' lang='lat' dir='ltr'>V.</span> 
     </span>
     <span class='ocr_line' id='line_1_30' title="bbox 282 2332 1835 2379; baseline -0.001 -9"><span class='ocrx_word' id='word_1_183' title='bbox 282 2337 320 2370; x_wconf 85' lang='lat' dir='ltr'>et</span> <span class='ocrx_word' id='word_1_184' title='bbox 345 2334 495 2379; x_wconf 83' lang='lat' dir='ltr'>quidam</span> <span class='ocrx_word' id='word_1_185' title='bbox 522 2344 541 2368; x_wconf 91' lang='lat' dir='ltr'>e</span> <span class='ocrx_word' id='word_1_186' title='bbox 567 2333 619 2368; x_wconf 76' lang='lat' dir='ltr'>ecl.</span> <span class='ocrx_word' id='word_1_187' title='bbox 646 2333 753 2367; x_wconf 80' lang='lat' dir='ltr'>Broc.</span> <span class='ocrx_word' id='word_1_188' title='bbox 852 2337 872 2368; x_wconf 87' lang='grc'>8</span> <span class='ocrx_word' id='word_1_189' title='bbox 899 2332 985 2377; x_wconf 88' lang='lat' dir='ltr'>quid</span> <span class='ocrx_word' id='word_1_190' title='bbox 1011 2334 1050 2367; x_wconf 89' lang='lat' dir='ltr'>tu</span> <span class='ocrx_word' id='word_1_191' title='bbox 1079 2345 1160 2367; x_wconf 76' lang='lat' dir='ltr'>cum</span> <span class='ocrx_word' id='word_1_192' title='bbox 1191 2333 1286 2375; x_wconf 77' lang='lat' dir='ltr'>PR,</span> <span class='ocrx_word' id='word_1_193' title='bbox 1317 2344 1382 2368; x_wconf 85' lang='lat' dir='ltr'>om.</span> <span class='ocrx_word' id='word_1_194' title='bbox 1410 2335 1450 2368; x_wconf 89' lang='lat' dir='ltr'>tu</span> <span class='ocrx_word' id='word_1_195' title='bbox 1485 2334 1524 2368; x_wconf 76' lang='lat' dir='ltr'>V.</span> <span class='ocrx_word' id='word_1_196' title='bbox 1623 2338 1642 2368; x_wconf 84' lang='lat'>9</span> <span class='ocrx_word' id='word_1_197' title='bbox 1669 2334 1762 2369; x_wconf 83' lang='lat' dir='ltr'>abiit</span> <span class='ocrx_word' id='word_1_198' title='bbox 1794 2335 1835 2377; x_wconf 77' lang='lat' dir='ltr'>V,</span> 
     </span>
     <span class='ocr_line' id='line_1_31' title="bbox 282 2391 1836 2436; baseline 0 -8"><span class='ocrx_word' id='word_1_199' title='bbox 282 2393 362 2428; x_wconf 80' lang='lat' dir='ltr'>abit</span> <span class='ocrx_word' id='word_1_200' title='bbox 383 2394 418 2427; x_wconf 72' lang='grc' dir='ltr'>Ι)</span> <span class='ocrx_word' id='word_1_201' title='bbox 441 2396 473 2428; x_wconf 80' lang='lat' dir='ltr'>et</span> <span class='ocrx_word' id='word_1_202' title='bbox 499 2396 538 2426; x_wconf 76' lang='lat' dir='ltr'>ut</span> <span class='ocrx_word' id='word_1_203' title='bbox 565 2393 634 2427; x_wconf 65' lang='lat' dir='ltr'>vicl.</span> <span class='ocrx_word' id='word_1_204' title='bbox 650 2392 696 2427; x_wconf 66' lang='lat'>11².</span> <span class='ocrx_word' id='word_1_205' title='bbox 754 2396 797 2426; x_wconf 92' lang='lat'>10</span> <span class='ocrx_word' id='word_1_206' title='bbox 823 2392 968 2426; x_wconf 83' lang='lat' dir='ltr'>rettulit</span> <span class='ocrx_word' id='word_1_207' title='bbox 991 2392 1034 2436; x_wconf 88' lang='lat' dir='ltr'>P,</span> <span class='ocrx_word' id='word_1_208' title='bbox 1061 2391 1189 2426; x_wconf 82' lang='lat' dir='ltr'>retulit</span> <span class='ocrx_word' id='word_1_209' title='bbox 1209 2392 1247 2426; x_wconf 73' lang='grc' dir='ltr'>Γ.</span> <span class='ocrx_word' id='word_1_210' title='bbox 1313 2397 1354 2426; x_wconf 73' lang='grc'>12</span> <span class='ocrx_word' id='word_1_211' title='bbox 1381 2404 1447 2427; x_wconf 81' lang='lat' dir='ltr'>om.</span> <span class='ocrx_word' id='word_1_212' title='bbox 1466 2393 1503 2427; x_wconf 69' lang='lat' dir='ltr'>V.</span> <span class='ocrx_word' id='word_1_213' title='bbox 1555 2392 1714 2428; x_wconf 85' lang='lat' dir='ltr'>illuserit</span> <span class='ocrx_word' id='word_1_214' title='bbox 1739 2393 1836 2428; x_wconf 77' lang='lat' dir='ltr'>Gna.</span> 
     </span>
    </p>

    <p class='ocr_par' dir='ltr' id='par_1_8' title="bbox 283 2450 1838 2673">
     <span class='ocr_line' id='line_1_32' title="bbox 376 2450 1838 2486; baseline 0.001 -1"><span class='ocrx_word' id='word_1_215' title='bbox 376 2451 555 2486; x_wconf 80' lang='lat' dir='ltr'>PHEDRI</span> <span class='ocrx_word' id='word_1_216' title='bbox 589 2451 699 2486; x_wconf 80' lang='lat' dir='ltr'><strong>AVG.</strong></span> <span class='ocrx_word' id='word_1_217' title='bbox 732 2450 925 2485; x_wconf 82' lang='lat' dir='ltr'>LIBERTI</span> <span class='ocrx_word' id='word_1_218' title='bbox 963 2451 1106 2485; x_wconf 79' lang='lat' dir='ltr'>LIBER</span> <span class='ocrx_word' id='word_1_219' title='bbox 1138 2451 1187 2485; x_wconf 89' lang='lat' dir='ltr'>III</span> <span class='ocrx_word' id='word_1_220' title='bbox 1226 2451 1449 2485; x_wconf 78' lang='lat' dir='ltr'>EXPLICIT</span> <span class='ocrx_word' id='word_1_221' title='bbox 1482 2450 1661 2486; x_wconf 83' lang='lat' dir='ltr'>INCIPIT</span> <span class='ocrx_word' id='word_1_222' title='bbox 1694 2451 1838 2486; x_wconf 77' lang='lat' dir='ltr'>LIBER</span> 
     </span>
     <span class='ocr_line' id='line_1_33' title="bbox 283 2509 1837 2555; baseline 0 -10"><span class='ocrx_word' id='word_1_223' title='bbox 283 2512 349 2545; x_wconf 90' lang='lat' dir='ltr'>IIII</span> <span class='ocrx_word' id='word_1_224' title='bbox 380 2512 421 2545; x_wconf 85' lang='lat' dir='ltr'>P.</span> <span class='ocrx_word' id='word_1_225' title='bbox 473 2510 631 2545; x_wconf 78' lang='lat' dir='ltr'>Phaedri</span> <span class='ocrx_word' id='word_1_226' title='bbox 658 2510 750 2555; x_wconf 83' lang='lat' dir='ltr'>Aug.</span> <span class='ocrx_word' id='word_1_227' title='bbox 778 2509 901 2544; x_wconf 86' lang='lat' dir='ltr'>liberti</span> <span class='ocrx_word' id='word_1_228' title='bbox 928 2509 1023 2544; x_wconf 74' lang='lat' dir='ltr'>libor</span> <span class='ocrx_word' id='word_1_229' title='bbox 1051 2509 1099 2543; x_wconf 85' lang='grc' dir='ltr'>ΙΙΙ</span> <span class='ocrx_word' id='word_1_230' title='bbox 1126 2509 1288 2554; x_wconf 82' lang='lat' dir='ltr'>explicit.</span> <span class='ocrx_word' id='word_1_231' title='bbox 1330 2509 1463 2555; x_wconf 82' lang='lat' dir='ltr'>Incipit</span> <span class='ocrx_word' id='word_1_232' title='bbox 1481 2510 1575 2545; x_wconf 77' lang='lat' dir='ltr'>liber</span> <span class='ocrx_word' id='word_1_233' title='bbox 1595 2511 1661 2545; x_wconf 84' lang='lat'><em>1111</em></span> <span class='ocrx_word' id='word_1_234' title='bbox 1688 2510 1733 2545; x_wconf 83' lang='lat' dir='ltr'>R.</span> <span class='ocrx_word' id='word_1_235' title='bbox 1785 2512 1837 2545; x_wconf 75' lang='lat' dir='ltr'>In</span> 
     </span>
     <span class='ocr_line' id='line_1_34' title="bbox 283 2569 1838 2614; baseline 0 -10"><span class='ocrx_word' id='word_1_236' title='bbox 283 2571 353 2614; x_wconf 71' lang='lat' dir='ltr'>fine</span> <span class='ocrx_word' id='word_1_237' title='bbox 379 2570 465 2605; x_wconf 73' lang='lat' dir='ltr'>libri</span> <span class='ocrx_word' id='word_1_238' title='bbox 495 2570 603 2604; x_wconf 72' lang='lat' dir='ltr'>huius</span> <span class='ocrx_word' id='word_1_239' title='bbox 629 2572 660 2604; x_wconf 77' lang='lat' dir='ltr'>et</span> <span class='ocrx_word' id='word_1_240' title='bbox 685 2570 793 2604; x_wconf 77' lang='lat' dir='ltr'>initio</span> <span class='ocrx_word' id='word_1_241' title='bbox 814 2570 979 2613; x_wconf 71' lang='lat' dir='ltr'>prarimi</span> <span class='ocrx_word' id='word_1_242' title='bbox 1015 2571 1102 2603; x_wconf 74' lang='lat' dir='ltr'>recte</span> <span class='ocrx_word' id='word_1_243' title='bbox 1128 2569 1349 2604; x_wconf 76' lang='lat' dir='ltr'>collocarunt</span> <span class='ocrx_word' id='word_1_244' title='bbox 1376 2573 1520 2604; x_wconf 76' lang='lat' dir='ltr'>auctore</span> <span class='ocrx_word' id='word_1_245' title='bbox 1545 2569 1713 2604; x_wconf 73' lang='lat' dir='ltr'>Brotere&#39;o</span> <span class='ocrx_word' id='word_1_246' title='bbox 1742 2570 1838 2605; x_wconf 72' lang='lat' dir='ltr'>(loeti</span> 
     </span>
     <span class='ocr_line' id='line_1_35' title="bbox 285 2628 1157 2673; baseline -0.001 -10"><span class='ocrx_word' id='word_1_247' title='bbox 285 2630 451 2663; x_wconf 78' lang='lat' dir='ltr'>carmina</span> <span class='ocrx_word' id='word_1_248' title='bbox 477 2630 560 2671; x_wconf 83' lang='lat' dir='ltr'>duo,</span> <span class='ocrx_word' id='word_1_249' title='bbox 586 2639 677 2673; x_wconf 77' lang='lat' dir='ltr'>quae</span> <span class='ocrx_word' id='word_1_250' title='bbox 702 2629 871 2673; x_wconf 69' lang='lat' dir='ltr'>leymzlwr</span> <span class='ocrx_word' id='word_1_251' title='bbox 893 2631 974 2672; x_wconf 75' lang='lat' dir='ltr'>post</span> <span class='ocrx_word' id='word_1_252' title='bbox 1002 2628 1076 2671; x_wconf 70' lang='lat' dir='ltr'>JV,</span> <span class='ocrx_word' id='word_1_253' title='bbox 1103 2632 1157 2662; x_wconf 70' lang='lat'>213.</span> 
     </span>
    </p>

    <p class='ocr_par' dir='ltr' id='par_1_9' title="bbox 285 2686 1837 2968">
     <span class='ocr_line' id='line_1_36' title="bbox 380 2686 1837 2732; baseline 0 -11"><span class='ocrx_word' id='word_1_254' title='bbox 380 2687 505 2722; x_wconf 77' lang='lat' dir='ltr'>Poeta.</span> <span class='ocrx_word' id='word_1_255' title='bbox 544 2688 650 2722; x_wconf 80' lang='lat' dir='ltr'>inser.</span> <span class='ocrx_word' id='word_1_256' title='bbox 690 2686 788 2722; x_wconf 82' lang='lat' dir='ltr'>idem</span> <span class='ocrx_word' id='word_1_257' title='bbox 821 2688 931 2732; x_wconf 81' lang='lat' dir='ltr'>pocta</span> <span class='ocrx_word' id='word_1_258' title='bbox 965 2686 1050 2721; x_wconf 74' lang='lat' dir='ltr'>PR.</span> <span class='ocrx_word' id='word_1_259' title='bbox 1132 2691 1151 2720; x_wconf 71' lang='lat'>2</span> <span class='ocrx_word' id='word_1_260' title='bbox 1179 2687 1305 2721; x_wconf 73' lang='lat' dir='ltr'>videar</span> <span class='ocrx_word' id='word_1_261' title='bbox 1338 2699 1381 2722; x_wconf 80' lang='lat' dir='ltr'>nc</span> <span class='ocrx_word' id='word_1_262' title='bbox 1416 2686 1484 2722; x_wconf 84' lang='lat' dir='ltr'>tibi</span> <span class='ocrx_word' id='word_1_263' title='bbox 1511 2687 1649 2728; x_wconf 59' lang='lat' dir='ltr'>Bona,</span> <span class='ocrx_word' id='word_1_264' title='bbox 1688 2686 1756 2722; x_wconf 78' lang='lat' dir='ltr'>tibi</span> <span class='ocrx_word' id='word_1_265' title='bbox 1793 2698 1837 2721; x_wconf 85' lang='lat' dir='ltr'>ne</span> 
     </span>
     <span class='ocr_line' id='line_1_37' title="bbox 285 2745 1836 2791; baseline -0.001 -10"><span class='ocrx_word' id='word_1_266' title='bbox 285 2748 410 2781; x_wconf 65' lang='lat' dir='ltr'>videar</span> <span class='ocrx_word' id='word_1_267' title='bbox 439 2747 519 2781; x_wconf 69' lang='lat' dir='ltr'>Ple.</span> <span class='ocrx_word' id='word_1_268' title='bbox 570 2752 590 2779; x_wconf 77' lang='lat'>:3</span> <span class='ocrx_word' id='word_1_269' title='bbox 617 2745 807 2791; x_wconf 81' lang='lat' dir='ltr'>distringit</span> <span class='ocrx_word' id='word_1_270' title='bbox 831 2746 973 2789; x_wconf 69' lang='lat' dir='ltr'>Burm,</span> <span class='ocrx_word' id='word_1_271' title='bbox 999 2745 1195 2789; x_wconf 67' lang='lat' dir='ltr'>destringit</span> <span class='ocrx_word' id='word_1_272' title='bbox 1224 2746 1304 2780; x_wconf 73' lang='grc' dir='ltr'>ΡΗ.</span> <span class='ocrx_word' id='word_1_273' title='bbox 1364 2750 1383 2781; x_wconf 76' lang='lat'>4</span> <span class='ocrx_word' id='word_1_274' title='bbox 1412 2757 1542 2781; x_wconf 79' lang='lat' dir='ltr'>conare</span> <span class='ocrx_word' id='word_1_275' title='bbox 1563 2746 1671 2789; x_wconf 60' lang='lat' dir='ltr'><em>PRJJ.</em></span> <span class='ocrx_word' id='word_1_276' title='bbox 1729 2751 1749 2781; x_wconf 85' lang='grc'><strong>6</strong></span> <span class='ocrx_word' id='word_1_277' title='bbox 1775 2757 1836 2780; x_wconf 84' lang='lat' dir='ltr'>na-</span> 
     </span>
     <span class='ocr_line' id='line_1_38' title="bbox 287 2804 1837 2849; baseline -0.001 -10"><span class='ocrx_word' id='word_1_278' title='bbox 287 2809 366 2840; x_wconf 76' lang='lat' dir='ltr'>ture</span> <span class='ocrx_word' id='word_1_279' title='bbox 396 2805 445 2847; x_wconf 74' lang='lat'>1²,</span> <span class='ocrx_word' id='word_1_280' title='bbox 472 2807 625 2840; x_wconf 85' lang='lat' dir='ltr'>naturae</span> <span class='ocrx_word' id='word_1_281' title='bbox 653 2805 699 2849; x_wconf 77' lang='lat' dir='ltr'>R,</span> <span class='ocrx_word' id='word_1_282' title='bbox 726 2816 815 2840; x_wconf 81' lang='lat' dir='ltr'>corr.</span> <span class='ocrx_word' id='word_1_283' title='bbox 840 2816 877 2849; x_wconf 79' lang='lat' dir='ltr'>p.</span> <span class='ocrx_word' id='word_1_284' title='bbox 953 2808 972 2839; x_wconf 84' lang='lat'><strong>7</strong></span> <span class='ocrx_word' id='word_1_285' title='bbox 999 2804 1136 2839; x_wconf 76' lang='lat' dir='ltr'>laboris</span> <span class='ocrx_word' id='word_1_286' title='bbox 1168 2805 1202 2838; x_wconf 83' lang='lat'>1’</span> <span class='ocrx_word' id='word_1_287' title='bbox 1221 2817 1263 2839; x_wconf 84' lang='lat' dir='ltr'>m.</span> <span class='ocrx_word' id='word_1_288' title='bbox 1284 2816 1346 2840; x_wconf 79' lang='lat' dir='ltr'>sec.</span> <span class='ocrx_word' id='word_1_289' title='bbox 1423 2809 1443 2840; x_wconf 88' lang='lat'>8</span> <span class='ocrx_word' id='word_1_290' title='bbox 1468 2804 1640 2839; x_wconf 69' lang='lat' dir='ltr'>brevitati</span> <span class='ocrx_word' id='word_1_291' title='bbox 1671 2805 1837 2847; x_wconf 56' lang='lat' dir='ltr'>Salmas„</span> 
     </span>
     <span class='ocr_line' id='line_1_39' title="bbox 288 2862 1837 2908; baseline 0.001 -12"><span class='ocrx_word' id='word_1_292' title='bbox 288 2864 480 2899; x_wconf 68' lang='lat' dir='ltr'>brevitatis</span> <span class='ocrx_word' id='word_1_293' title='bbox 506 2865 549 2908; x_wconf 80' lang='lat'>1’,</span> <span class='ocrx_word' id='word_1_294' title='bbox 576 2864 611 2897; x_wconf 79' lang='lat' dir='ltr'><em>R</em></span> <span class='ocrx_word' id='word_1_295' title='bbox 638 2867 676 2898; x_wconf 80' lang='lat' dir='ltr'>u!</span> <span class='ocrx_word' id='word_1_296' title='bbox 704 2865 773 2900; x_wconf 75' lang='lat' dir='ltr'>rid.</span> <span class='ocrx_word' id='word_1_297' title='bbox 836 2863 1039 2908; x_wconf 78' lang='lat' dir='ltr'>praemium</span> <span class='ocrx_word' id='word_1_298' title='bbox 1065 2876 1090 2908; x_wconf 72' lang='grc' dir='ltr'>ρ</span> <span class='ocrx_word' id='word_1_299' title='bbox 1117 2867 1146 2897; x_wconf 71' lang='lat' dir='ltr'>ee</span> <span class='ocrx_word' id='word_1_300' title='bbox 1173 2865 1324 2906; x_wconf 70' lang='lat' dir='ltr'>forfasse</span> <span class='ocrx_word' id='word_1_301' title='bbox 1344 2864 1389 2907; x_wconf 64' lang='lat' dir='ltr'>Je,</span> <span class='ocrx_word' id='word_1_302' title='bbox 1417 2862 1529 2898; x_wconf 84' lang='lat' dir='ltr'>mium</span> <span class='ocrx_word' id='word_1_303' title='bbox 1564 2875 1677 2907; x_wconf 74' lang='lat' dir='ltr'>supra</span> <span class='ocrx_word' id='word_1_304' title='bbox 1710 2863 1837 2898; x_wconf 74' lang='lat' dir='ltr'>addita</span> 
     </span>
     <span class='ocr_line' id='line_1_40' title="bbox 288 2921 1607 2968; baseline 0 -12"><span class='ocrx_word' id='word_1_305' title='bbox 288 2924 414 2957; x_wconf 80' lang='lat' dir='ltr'>deinde</span> <span class='ocrx_word' id='word_1_306' title='bbox 439 2923 639 2958; x_wconf 79' lang='lat' dir='ltr'>minoribus</span> <span class='ocrx_word' id='word_1_307' title='bbox 665 2923 793 2958; x_wconf 71' lang='lat' dir='ltr'>litteris</span> <span class='ocrx_word' id='word_1_308' title='bbox 817 2923 957 2968; x_wconf 77' lang='lat' dir='ltr'>syllaba</span> <span class='ocrx_word' id='word_1_309' title='bbox 984 2922 1020 2956; x_wconf 85' lang='lat' dir='ltr'>ni</span> <span class='ocrx_word' id='word_1_310' title='bbox 1052 2923 1092 2959; x_wconf 77' lang='lat'>1’.</span> <span class='ocrx_word' id='word_1_311' title='bbox 1168 2927 1188 2957; x_wconf 84' lang='grc'><strong>9</strong></span> <span class='ocrx_word' id='word_1_312' title='bbox 1215 2923 1319 2958; x_wconf 70' lang='lat' dir='ltr'>exibe</span> <span class='ocrx_word' id='word_1_313' title='bbox 1350 2923 1392 2965; x_wconf 69' lang='grc' dir='ltr'>Ι),</span> <span class='ocrx_word' id='word_1_314' title='bbox 1419 2921 1549 2957; x_wconf 76' lang='lat' dir='ltr'>exhibo</span> <span class='ocrx_word' id='word_1_315' title='bbox 1578 2934 1607 2956; x_wconf 77' lang='grc' dir='ltr'>ι’.</span> 
     </span>
    </p>
   </div>
  </div>
 </body>
</html>
