2028 3310
295 213 352 254 46
802 214 1016 249 PHAEDRI
1044 204 1353 248 FABVLARVM’

509 321 705 376 Aesopus
737 321 878 362 media
910 321 1053 362 subito
1086 321 1131 362 in
1162 321 1289 362 turba
1321 320 1532 363 constitit:

510 391 544 434 Ο
579 393 614 432 si
646 394 838 432 maneret
869 390 1040 433 condito
1074 405 1221 432 sensus
1253 391 1378 445 patri,
1807 404 1852 435 30

510 462 647 510 Quam
679 461 870 516 graviter
901 461 1051 514 ferret,
1084 461 1195 516 quod
1226 462 1490 503 voluntatem
1524 477 1645 503 suam

508 531 787 585 Interpretari
818 546 907 574 non
936 532 1181 585 potuissent
1211 530 1369 573 Attici!

508 601 704 655 Rogatus
738 600 888 642 deinde
921 601 1053 642 solvit
1085 616 1272 642 errorem
1306 602 1507 643 omnium.

508 671 694 712 Domum
727 674 770 712 et
802 674 1056 713 ornamenta
1088 687 1183 713 cum
1214 674 1404 714 venustis
1436 673 1620 714 hortulis

508 741 567 782 Et
598 742 699 783 vina
731 744 877 783 vetera
910 742 1008 783 date
1040 743 1233 784 lanificae
1265 743 1467 796 rusticae3
1807 755 1852 785 35

508 811 703 865 Vestem,
735 813 932 865 uniones,
963 812 1218 867 pedisequos
1252 815 1295 853 et
1327 815 1471 854 cetera

508 882 580 923 Illi
613 883 854 937 adsignate‚
886 883 1020 924 vitam
1054 897 1162 937 quae
1195 884 1296 924 luxu
1327 883 1482 937 trahit3

507 953 649 1008 Agros
677 955 720 994 et
752 953 899 994 villam
933 956 975 994 et
1006 967 1161 1007 pecora
1193 969 1288 995 cum
1320 954 1565 1009 pastoribus

508 1023 677 1065 Donate
709 1023 922 1065 moechae.
984 1023 1115 1065 Nulla
1145 1025 1308 1078 poterit
1338 1025 1518 1079 perpeti,

507 1092 570 1134 Vt
600 1093 793 1134 moribus
827 1093 926 1148 quid
958 1096 1104 1135 teneat
1135 1095 1320 1136 alienum
1353 1095 1453 1136 suis.
1809 1106 1854 1137 40

508 1163 726 1204 Deformis
759 1164 923 1205 cultum
956 1164 1126 1218 vendet,
1159 1167 1208 1205 ut
1239 1166 1385 1206 vinum
1419 1168 1558 1219 paret3

508 1233 650 1288 Agros
684 1233 842 1275 abiciet
873 1234 1068 1288 moecha,
1100 1237 1149 1275 ut
1181 1237 1381 1276 ornatum
1414 1238 1553 1289 gerat3

510 1304 570 1345 At
600 1304 677 1346 illa
709 1305 898 1359 gaudens
931 1319 1082 1359 pecore
1116 1308 1159 1346 et
1190 1305 1312 1347 lanae
1345 1305 1489 1347 dedita

509 1375 782 1430 Quacumque
816 1391 983 1417 summa
1014 1376 1156 1417 tradet
1187 1376 1379 1418 luxuriae
1412 1377 1595 1418 domum.

509 1446 579 1488 Sic
610 1447 731 1488 nulla
762 1447 1020 1500 possidebit,
1054 1447 1167 1501 quod
1192 1447 1323 1489 fuerit
1356 1448 1516 1501 datum,
1809 1458 1854 1489 45

507 1518 566 1559 Et
597 1517 756 1559 dietam
788 1517 917 1558 matri
950 1518 1168 1559 conferent
1199 1519 1425 1572 pecuniam

507 1589 568 1630 Ec
601 1588 742 1642 pretio
774 1602 934 1641 rerum,
967 1603 1071 1643 quas
1105 1588 1374 1630 vendiderint
1406 1589 1613 1643 singulae.

578 1658 649 1700 Ita
681 1658 791 1712 quod
824 1658 1058 1700 multorum
1090 1658 1205 1713 fugit
1237 1659 1566 1713 inprudentiam,

507 1729 644 1771 Vnius
676 1729 862 1771 hominis
895 1729 1086 1784 repperit
1118 1730 1322 1772 sollertia.

1038 1870 1112 1912 VI.

568 1941 779 1986 [PVGNA
805 1942 1040 1975 MVRIVM
1067 1942 1137 1974 ET
1163 1935 1583 1987 MVSTELARVM]

581 2012 687 2056 Cum
719 2015 824 2056 victi
857 2029 997 2056 mures
1031 2014 1313 2055 mustelarum
1347 2015 1536 2056 exercitu

509 2084 725 2139 (Historia
757 2099 938 2139 quorum
971 2087 1014 2125 et
1045 2084 1089 2125 in
1122 2085 1315 2144 tabernis
1348 2085 1562 2141 pingitur)

512 2154 727 2209 Fugerent
760 2158 802 2196 et
835 2157 952 2196 artos
987 2155 1145 2196 circum
1177 2155 1442 2209 trepidarent
1475 2170 1614 2208 cavos,

510 2225 650 2280 Aegre
683 2226 845 2280 recepti
876 2228 1022 2267 tamen
1054 2228 1281 2267 evaserunt
1313 2240 1472 2267 necem.

510 2296 647 2338 Duces
682 2312 846 2350 eorum,
879 2297 950 2351 qui
984 2297 1196 2350 capitibus
1229 2311 1385 2338 cornua
1836 2309 1855 2339 5

296 2475 382 2518 post
406 2477 450 2508 ‘28
484 2473 650 2518 Aesopus
680 2472 779 2506 tituli
806 2472 923 2506 instar
949 2472 1032 2506 add.
1060 2473 1099 2506 in
1129 2472 1171 2506 Ρ.
1270 2476 1313 2506 32
1340 2473 1493 2515 fortasse
1518 2472 1712 2517 potissuut.

297 2537 341 2567 34
368 2535 405 2566 et
429 2532 582 2575 sortasse
613 2531 809 2566 delendum.
873 2530 1003 2565 ortulis
1033 2530 1083 2573 1¹,
1122 2531 1280 2566 hortulis
1315 2544 1343 2567 r.
1419 2535 1463 2566 38
1499 2533 1537 2566 et
1570 2531 1697 2566 villam
1724 2532 1856 2571 Remi..

297 2591 406 2626 utiles
437 2591 522 2625 PR.
585 2601 742 2635 peccora
769 2590 812 2624 1’.
888 2594 931 2623 42
964 2589 1101 2624 abiciet
1130 2590 1215 2624 PR.
1275 2592 1382 2634 gerat
1407 2591 1518 2633 docti,
1557 2592 1662 2635 paret
1687 2591 1766 2625 cdd.

298 2656 340 2685 44
368 2662 532 2685 summae
565 2650 690 2685 tradat
728 2649 893 2684 luxoriae
930 2649 1021 2690 PR,
1062 2660 1153 2685 corr.
1175 2661 1223 2693 p:
1269 2650 1395 2684 deinde
1428 2650 1461 2684 si
1491 2653 1581 2684 recte
1613 2651 1717 2694 capio
1750 2651 1855 2685 verba

306 2710 426 2753 Vina,
452 2711 595 2757 videtur
619 2710 732 2753 fuisse
757 2710 797 2743 in
823 2709 859 2743 R
879 2710 988 2753 prius
1014 2708 1179 2743 luxuriae
1207 2709 1374 2752 domum,
1401 2709 1530 2744 deinde
1555 2720 1646 2744 corr.
1673 2721 1717 2744 m.
1743 2711 1854 2744 εἰει-«(1.

296 2780 385 2804 saec.
419 2768 582 2804 luxoriae
616 2768 775 2803 demum.
871 2772 916 2801 46
943 2767 1102 2802 edictam
1140 2767 1232 2810 PR,
1271 2779 1360 2803 corr.
1384 2779 1422 2812 p.
1505 2771 1547 2802 Π
1576 2779 1616 2802 ec
1646 2768 1708 2812 M,
1746 2770 1784 2802 et
1812 2768 1855 2811 P,

299 2839 339 2861 ex
368 2839 397 2862 v.
472 2832 516 2862 49
543 2827 723 2873 sollertia]
751 2828 803 2862 ila
833 2827 875 2861 P.

393 2886 459 2930 VI,
487 2891 506 2921 ‘2
548 2889 586 2922 ot
611 2887 695 2923 add.
725 2887 861 2931 Heius„
893 2887 1011 2923 Remi.
1098 2891 1117 2920 :3
1151 2889 1250 2922 artos
1281 2887 1323 2922 1’.
1410 2890 1430 2921 4
1458 2886 1559 2930 aegri
1590 2885 1637 2923 R.
1672 2886 1733 2920 sed
1763 2896 1854 2921 corr.

297 2957 338 2980 m.
369 2947 444 2980 ead.

2018 1066 2028 1126 ——p-
2019 1022 2028 1038 u.
