2028 3310
333 209 395 243 XL
980 206 1136 243 CABVT
1162 207 1224 241 III.

448 315 661 369 Deinceps
694 314 836 356 addidi
869 318 956 355 tres
983 313 1152 355 fabulas
1174 328 1285 354 ame
1307 314 1545 368 suppletas:
1578 313 1741 368 IV,14;
1772 313 1823 368 V,
1841 315 1883 369 13

331 399 425 439 app.
457 384 550 426 Per.
582 385 645 425 16.

447 454 498 495 In
530 455 613 495 fine
652 454 845 508 opusculi
883 454 1047 496 adiecta
1091 457 1191 496 srmt
1228 453 1475 508 promythia
1518 453 1608 494 sive
1648 453 1883 507 epimythia

329 524 574 565 fabularum
619 524 864 578 appendicis
903 525 1151 567 Perottinae
1189 523 1304 578 XIV,
1355 538 1463 578 quae
1508 523 1620 578 apud
1658 523 1883 565 Perottum

330 595 531 647 leguntur
563 595 804 648 pedestrem
838 595 881 636 in
915 610 1153 637 sermonem
1174 595 1332 648 soluta,
1365 594 1474 649 apud
1496 594 1763 636 Dresslerum
1786 608 1883 635 con—

329 668 444 705 torta
476 665 520 705 in
552 679 700 706 versus
732 680 884 719 parum
916 681 1104 707 sonoros.
1154 665 1337 720 Reliqua
1359 665 1545 706 eiusdem
1567 664 1733 706 Perotti
1760 679 1882 719 argu-

330 737 474 776 menta
506 750 579 776 cur
611 735 828 776 timuerim
866 736 908 776 in
943 750 1087 777 versus
1120 735 1325 789 redigere,
1363 735 1601 776 accuratius
1635 749 1723 775 rem
1756 735 1884 789 inspi-

331 805 542 847 cientibus
574 806 700 847 facile
733 807 970 860 apparebit.

447 875 647 918 Ceterum
685 877 874 918 rationes
913 876 1079 930 opellae
1117 875 1261 928 huius,
1299 875 1487 916 breviter
1518 890 1629 916 nunc
1661 875 1884 916 adumbra-

329 949 408 1000 tas,
441 947 575 1001 siquis
601 947 727 1001 plene
757 947 941 989 voluerit
974 960 1241 1001 cognoscere,
1276 946 1394 999 legat
1426 945 1563 987 libelli
1597 960 1720 1000 quem
1754 961 1883 999 supra

330 1018 563 1059 memoravi
596 1017 777 1072 paginas
813 1017 1006 1058 18—22.

445 1087 504 1128 Et
537 1088 681 1129 omnia
714 1088 883 1142 quidem
923 1087 974 1128 ad
1014 1102 1224 1128 summam
1256 1086 1441 1127 Phaedri
1482 1086 1680 1128 dictionis
1718 1089 1761 1128 et
1799 1101 1884 1128 me-

327 1160 491 1199 trorum
544 1160 694 1198 exacta
738 1157 1080 1211 similitudinem,
1131 1157 1214 1198 cito
1260 1156 1496 1210 apparebit.
1570 1156 1659 1211 Ipsi
1699 1156 1883 1198 viderint

328 1227 463 1280 docti,
512 1241 612 1267 num
653 1227 979 1281 simplicitatem
1016 1226 1219 1268 narrandi
1262 1229 1305 1267 et
1342 1227 1618 1280 suavitatem,
1669 1240 1796 1280 quam
1840 1228 1884 1268 in

328 1296 547 1338 nonnullis
582 1297 770 1338 eiusdem
803 1297 1065 1338 admiramur
1092 1297 1320 1350 opusculis,
1352 1296 1476 1337 nobis
1503 1297 1672 1338 licuerit
1696 1297 1884 1352 adsequi.

445 1366 754 1421 Inscriptiones
787 1367 1024 1408 carminum
1055 1366 1138 1408 feci
1170 1366 1293 1421 tales,
1327 1381 1433 1421 quae
1456 1367 1618 1408 similes
1647 1372 1790 1410 essent
1810 1368 1884 1422 eis,

329 1437 481 1492 quibus
532 1437 730 1478 monachi
780 1437 909 1479 medii
960 1438 1052 1478 aevi
1110 1436 1297 1479 Phaedri
1353 1438 1647 1479 instruxerunt
1702 1438 1884 1480 fabulas.

328 1508 490 1549 Earum
537 1508 744 1563 quaedam
794 1508 898 1549 adeo
949 1511 1049 1550 sunt
1097 1508 1348 1562 adsumptae
1392 1523 1443 1550 ex
1487 1508 1629 1550 codice
1678 1509 1884 1551 WVissem·

329 1579 544 1633 burgensi.

446 1648 639 1704 Denique
672 1664 745 1691 cur
778 1664 906 1690 ausus
940 1649 1021 1690 sim
1054 1649 1372 1704 vespertilionis
1406 1649 1659 1691 vocabulum
1687 1653 1884 1704 correpta

330 1721 531 1763 adhibere
564 1721 711 1770 tertia,
744 1735 793 1762 ex
827 1720 887 1762 eis
921 1735 1028 1774 quae
1061 1719 1148 1761 dixi
1182 1720 1208 1762 l.
1234 1720 1271 1761 d.
1298 1736 1330 1761 r.
1357 1736 1411 1761 m.
1438 1734 1506 1775 pg.
1528 1721 1612 1762 353
1647 1721 1883 1775 apparebit.
