2028 3310
783 196 1036 231 APPENDIX.
1631 195 1683 235 73

349 305 483 347 Breve
516 308 683 359 tempus
716 305 977 358 intercessit,
1009 307 1054 346 et
1086 304 1218 345 fidens
1250 319 1378 345 manu
1646 314 1684 343 ιε»

348 375 490 417 Vnum
522 391 569 417 ec
598 375 806 417 Romanis
838 375 1098 428 provocabat
1130 374 1348 416 barbarus.

348 445 440 488 Sibi
473 447 650 501 quisque
683 445 856 497 metuit3
888 445 1016 498 primi
1049 445 1150 498 quin
1184 448 1380 487 mussant
1411 446 1549 487 duces.

346 517 533 559 Tandem
566 515 763 558 cinaedus
796 515 959 567 habitu,
992 514 1065 555 sed
1097 514 1213 556 Mars
1244 516 1407 557 viribus

346 588 451 629 Adit
483 588 696 629 sedentem
730 601 808 641 pro
839 585 1048 627 tribunali
1080 585 1241 639 ducem,

346 659 404 700 Et
435 673 537 701 voce
570 658 710 700 molli:
742 658 872 699 licet?
907 656 1119 698 enimvero
1153 656 1232 697 eici
1642 669 1685 697 ιη»

348 730 497 771 Virum
523 732 572 770 ut
597 729 640 769 in
668 743 711 769 re
738 728 872 769 atroci
898 727 1080 782 Magnus
1107 727 1382 770 stomachans
1410 729 1603 782 imperat.

346 800 457 841 Tum
489 799 659 854 quidam
694 799 835 840 senior
869 813 918 839 ex
951 798 1097 839 amicis
1130 798 1356 852 principis:

346 869 471 911 Hunc
503 884 582 924 ego
616 869 828 911 committi
856 869 990 910 satius
1023 868 1220 909 fortunae
1253 868 1450 923 arbitror,

345 941 394 982 In
427 955 509 996 quo
541 941 707 982 iactlua
738 940 844 982 levis
877 942 954 993 est,
986 954 1115 994 quam
1146 940 1304 982 fortem
1337 941 1486 994 virum,

346 1011 429 1061 Qui
461 1025 561 1052 casu
593 1012 732 1052 victus
765 1010 1022 1052 temeritatis
1054 1012 1096 1052 te
1129 1014 1296 1065 arguat.
1642 1023 1684 1052 25

347 1082 550 1123 Adsensit
580 1081 762 1135 Magnus
796 1084 838 1123 et
868 1081 1066 1135 permisit
1097 1082 1229 1123 militi

347 1153 522 1194 Prodire
554 1155 720 1196 contra:
753 1152 826 1206 qui
859 1152 1043 1193 mirante
1076 1153 1263 1194 exercitu

347 1224 472 1265 Dicto
506 1223 686 1264 celerius
719 1223 859 1264 hostis
891 1222 1075 1263 abscidit
1109 1227 1236 1277 caput

346 1294 582 1348 Victorque
613 1293 751 1334 rediit.
813 1292 893 1334 His
925 1295 1018 1334 tum
1049 1292 1278 1348 Pompeius
1311 1310 1455 1349 super:

345 1363 535 1419 Corona,
567 1365 710 1418 miles,
743 1364 937 1419 equidem
969 1368 1011 1406 te
1045 1364 1155 1407 dono
1189 1365 1339 1416 libens,
1530 1387 1533 1390 ·
1642 1378 1686 1407 30

346 1436 467 1484 Quod
499 1435 729 1476 vindicasti
760 1434 931 1476 laudem
963 1435 1143 1477 Romani
1176 1436 1349 1491 imperi3

346 1506 426 1548 Sed
460 1507 731 1548 ext-illescant
763 1506 877 1547 oculi
910 1506 988 1559 sic,
1021 1507 1177 1561 inquit,
1209 1508 1304 1560 mei,

346 1577 489 1631 Turpe
520 1577 640 1618 illud·
661 1577 834 1618 imitans
868 1577 932 1617 ius
966 1577 1193 1618 iurandum
1226 1578 1390 1631 militis,

345 1648 440 1690 Nisi
472 1651 517 1690 tu
551 1647 773 1689 abstulisti
806 1647 994 1689 sarcinas
1028 1663 1162 1702 nuper
1194 1663 1322 1690 meas.

870 1790 942 1831 IX.

511 1861 687 1905 11VNO,
715 1862 903 1894 VENVS
928 1862 999 1894 ΕΤ
1027 1862 1308 1906 GALLmA.]

654 1931 724 1974 {De
751 1930 946 1965 mulierum
972 1930 1156 1976 libidine]

1656 1961 1676 1983 C

417 2002 523 2044 Cum
557 2004 802 2045 castitatem
834 2003 940 2045 Iuno
974 2003 1170 2045 laudaret
1202 2019 1334 2057 suam,

344 2073 627 2115 Iocunditatis
661 2089 833 2115 causam
866 2089 951 2115 non
983 2075 1146 2128 sprevit
1177 2075 1334 2127 Venus,

344 2144 604 2200 Nullamque
636 2147 684 2186 ut
717 2145 953 2187 affirmaret
985 2160 1076 2187 esse
1109 2146 1192 2200 ipsi
1224 2145 1429 2200 inparem,

136 2289 177 2319 15
205 2313 418 2321 ........
445 2297 504 2320 ars
531 2315 537 2320 .
561 2314 567 2320 .
592 2313 598 2319 .
621 2313 627 2319 .
655 2285 786 2320 rcessit
810 2285 858 2321 N.
917 2296 1029 2320 manu
1054 2285 1170 2320 fidens
1204 2285 1244 2329 V,
1277 2297 1367 2320 corr.
1389 2286 1501 2321 Iamz.
1580 2292 1621 2321 16
1648 2299 1688 2322 ec

137 2345 194 2387 ΣΠ,
225 2356 244 2379 e
273 2345 391 2388 orell„
423 2344 468 2379 de
497 2344 536 2379 V.
612 2349 654 2379 17
682 2345 771 2389 quin
797 2345 880 2379 add.
904 2345 959 2380 M.
1046 2348 1089 2379 18
1115 2345 1274 2389 cynodus
1297 2345 1336 2378 V.
1400 2346 1532 2380 arabus
1563 2347 1624 2381 sed
1649 2347 1689 2381 iu

134 2415 246 2449 mary.
269 2416 313 2438 m.
329 2416 388 2448 pr.
416 2403 556 2438 viribus
581 2404 630 2445 V;
662 2403 799 2438 viribus
819 2404 868 2439 N.
930 2408 987 2446 20,
1007 2407 1049 2438 21
1079 2403 1163 2438 eiici
1183 2404 1270 2438 NV.
1322 2403 1438 2438 virum
1467 2406 1515 2439 ad
1529 2406 1689 2449 priorem

135 2475 164 2499 ιθ.
192 2465 353 2498 adiuuet.
382 2464 421 2498 in
447 2462 544 2504 XV,·
579 2474 669 2498 corr.
692 2463 847 2504 Zellius;
885 2462 922 2496 in
953 2463 1038 2505 fort.
1070 2463 1228 2505 deleml.;
1253 2474 1335 2497 eum
1362 2474 1449 2498 vero
1476 2463 1560 2498 eiivi
1585 2465 1627 2498 ut
1652 2463 1688 2497 in

134 2533 172 2557 re
195 2523 306 2557 Iann.
358 2523 565 2556 stomaeans
585 2521 624 2555 Γ.
708 2526 751 2555 23
778 2521 962 2556 committi
988 2521 1103 2556 satius
1130 2522 1180 2563 N,
1213 2521 1359 2556 comitis
1385 2521 1474 2556 satis
1504 2522 1542 2556 1⁷.
1594 2522 1689 2556 arbi-

133 2581 226 2627 tror]
252 2581 404 2624 fortasse
429 2579 596 2615 aestimo.
659 2583 702 2614 25
723 2591 848 2615 casum
865 2580 906 2622 V,
926 2591 1014 2615 casu
1035 2581 1082 2615 N.
1146 2584 1190 2615 27
1211 2580 1372 2615 exercitu
1388 2581 1437 2621 N,
1458 2582 1628 2615 execratu
1647 2580 1687 2615 1⁷.

133 2644 178 2675 28
204 2640 322 2675 hostis
349 2641 479 2683 Imm„
524 2639 622 2673 hosti
650 2638 699 2679 V,-
736 2639 888 2681 tbrtasse
920 2650 952 2674 a.
978 2639 1078 2674 hosti
1110 2638 1265 2674 celerius
1298 2639 1409 2674 dicto.
1503 2643 1546 2672 29
1580 2638 1690 2673 rediit

135 2700 262 2741 Imm„
287 2698 384 2734 redit
410 2698 449 2732 V.
500 2699 580 2732 tum
607 2698 655 2739 N,
681 2698 768 2732 tunc
791 2697 830 2731 V.
905 2702 950 2732 30
977 2709 1152 2732 coronam
1177 2697 1215 2738 V,
1242 2708 1315 2731 non
1335 2697 1383 2731 N.
1434 2697 1542 2732 miles
1563 2698 1688 2741 Imm„

135 2756 265 2792 militis
293 2757 332 2792 V.
408 2762 449 2792 31
479 2756 566 2801 quia
593 2757 705 2790 Imm.
734 2757 772 2790 in
798 2757 850 2791 ed.
878 2757 993 2801 Neap.
1022 2769 1054 2790 ιι.
1078 2760 1178 2791 1809.
1231 2755 1374 2801 imperii
1399 2756 1438 2791 V.
1512 2761 1556 2790 :32
1584 2756 1686 2791 extil-

136 2816 278 2851 lescant
303 2816 338 2850 V
362 2820 399 2851 ut
424 2820 456 2851 et
483 2828 512 2850 ι’.
538 2821 590 2850 11.

231 2875 296 2917 lx,
322 2879 342 2909 2
369 2873 608 2910 iocunditatis
637 2874 677 2907 V.
727 2885 876 2908 causam
904 2875 1028 2917 Imm„
1055 2885 1166 2908 causa
1195 2873 1232 2906 V.
1284 2873 1425 2918 sprevit
1452 2873 1508 2917 M,
1541 2872 1690 2918 repellit

146 2933 184 2968 V.
235 2937 255 2968 3
281 2932 353 2980 ipsi
375 2933 543 2981 inparem
573 2933 621 2967 Μ
644 2932 837 2981 (imparem
862 2933 936 2968 iam
964 2933 1097 2977 orell),
1123 2931 1179 2966 illi
1204 2943 1331 2981 parem
1359 2932 1399 2969 V,
