2028 3310
641 231 703 264 DF,
730 230 941 265 PHAEDRI
970 231 1082 265 VITA
1112 231 1174 265 ET
1202 230 1427 265 SCRIPTIS.
1766 233 1809 265 xl

256 337 542 391 septendecim
575 338 801 392 probatam
834 337 1026 379 videmus
1059 338 1277 379 licentiam
1310 336 1379 394 (cf.
1406 338 1442 378 d.
1463 353 1493 378 r.
1514 353 1567 379 m.
1601 352 1668 392 pg.
1695 339 1806 393 157),

256 410 304 448 ut
335 407 535 449 omittam
562 407 707 448 Plauti
739 422 787 448 ac
813 407 1005 449 Terentii
1024 407 1263 463 Luciliique
1296 423 1345 449 ac
1364 408 1569 450 Varronis
1603 409 1809 463 exemplu,

258 492 351 519 eam
383 493 408 519 a
439 477 634 519 Phaedro
667 477 908 519 abiudicare
950 478 1144 531 equidem
1176 493 1261 520 non
1300 479 1497 520 sustinui.
1560 478 1680 528 Quod
1714 494 1807 520 cum

257 548 319 589 ita
350 548 425 602 sit,
456 562 541 589 non
571 562 664 588 sum
684 547 846 589 veritus
867 561 1065 589 revocare
1085 547 1159 598 IV,
1180 550 1243 602 11,
1261 549 1313 589 12
1340 549 1530 590 codicum
1551 549 1806 603 scripturam

468 630 611 684 itaque
643 629 769 671 hodie
801 644 879 671 nec
911 629 1128 671 lucernam
1160 631 1210 672 de
1242 630 1414 672 flamma
1446 631 1571 673 deum

256 727 333 766 pro
360 712 527 765 vitiosa,
559 726 666 766 quae
699 711 835 753 fertur
867 712 1014 766 vulgo,
1048 712 1125 754 ‘ita
1155 712 1310 753 hodie’.
1361 712 1558 754 Ceterum
1591 713 1807 756 Phaedrus

256 797 434 837 semper,
466 786 514 824 ut
533 782 783 836 plerumque
816 783 954 824 solent
987 783 1129 836 ceteri,
1161 783 1223 823 ita
1243 783 1439 825 adhibuit
1459 785 1807 838 proceleusmati-

256 867 368 906 cum,
407 856 454 894 ut
485 853 693 907 inciperet
726 867 873 894 versus
913 867 937 893 a
968 853 1230 907 pyrrhichio,
1269 857 1516 907 sequeretur
1555 855 1808 896 vocabulum

256 924 385 965 etiam
430 925 631 965 constans
676 923 928 977 pyrrhichio
974 927 1047 965 aut
1096 924 1207 978 quod
1250 923 1470 965 incoharet
1520 925 1806 978 pyrrhichius.

257 993 341 1034 Vix
375 996 519 1035 autem
551 996 616 1034 est
648 993 759 1047 quod
792 1008 989 1035 moneam
1026 1008 1112 1035 non
1153 1008 1246 1035 esse
1285 994 1525 1036 referendos
1565 996 1676 1036 inter
1716 1011 1808 1049 pro-

256 1063 545 1105 celeusmatici
589 1063 707 1117 pedis
756 1064 950 1118 exempla
991 1079 1137 1105 versus
1191 1063 1307 1117 illos,
1364 1079 1543 1118 quorum
1594 1065 1637 1105 111
1683 1065 1806 1107 initio

256 1133 415 1187 legitur
459 1132 741 1175 ‘beneficium'
788 1135 876 1175 sive
923 1133 1074 1177 enihil’.
1137 1134 1365 1175 Praeterea
1413 1136 1649 1176 notandum
1701 1137 1808 1177 arsis

256 1203 484 1245 solvendae
518 1219 698 1254 morem,
736 1205 818 1246 etsi
851 1205 956 1246 satis
995 1205 1280 1259 frequentem,
1324 1208 1469 1246 tamen
1500 1206 1732 1259 plurimum
1765 1207 1809 1247 111

254 1273 477 1315 vocabulis
510 1274 608 1328 plus
647 1289 773 1329 quam
812 1275 1037 1329 disyllabis
1077 1275 1270 1316 inveniri.
1337 1275 1402 1316 Ex
1442 1276 1501 1317 eis
1541 1277 1808 1330 excipiuntur

255 1344 575 1385 tribrachorum
607 1345 672 1386 vel
705 1345 976 1398 dactylorum
1016 1347 1059 1386 et
1097 1345 1140 1385 in
1172 1344 1434 1386 tribrachum
1468 1346 1556 1386 sive
1589 1346 1808 1400 dactylum

255 1414 498 1455 exeuntium
542 1422 682 1469 partes
727 1415 995 1469 paenultima
1038 1418 1080 1456 et
1122 1416 1293 1469 ultima,
1342 1430 1418 1457 1100
1468 1417 1606 1457 111111113
1657 1416 1811 1458 ultima

254 1484 524 1538 dactylorum
557 1485 622 1525 vel
662 1485 706 1525 in
742 1485 961 1539 dactylum
993 1485 1277 1526 desinentium
1317 1489 1360 1526 et
1398 1486 1682 1539 spondeorum
1721 1487 1808 1528 sive

254 1554 619 1609 pyrrhichiorum,
662 1555 706 1595 111
739 1570 843 1609 quas
871 1556 1057 1596 solutam
1097 1555 1214 1596 arsin
1245 1556 1393 1597 cadere
1426 1557 1558 1598 nefas.
1620 1558 1701 1599 Est
1733 1558 1808 1599 ubi

254 1625 297 1665 in
330 1624 555 1679 disyllabis
589 1626 841 1667 admittatur
873 1625 1038 1678 eadem3
1071 1626 1208 1667 rarius
1241 1626 1378 1668 multo
1407 1628 1549 1668 evenit
1583 1632 1629 1669 ut
1661 1643 1806 1669 mono-

254 1694 418 1750 syllabo
465 1699 667 1751 sequente
712 1696 807 1750 plus
853 1711 979 1750 quam
1024 1697 1322 1750 monosyllabo
1375 1697 1645 1739 contineatur
1690 1699 1810 1753 arsis,

254 1769 302 1807 ut
333 1768 437 1820 puta
469 1767 529 1808 sic

467 1837 752 1879 calumniator
785 1837 837 1878 ab
871 1852 950 1878 ove
983 1851 1077 1878 cum
1109 1840 1275 1891 peteret
1309 1838 1438 1879 canis.

468 1912 510 1949 et
541 1908 680 1962 rapiet
712 1907 763 1948 ad
796 1922 841 1948 se
875 1907 987 1962 quod
1021 1907 1103 1948 erit
1135 1922 1356 1949 commune
1391 1908 1591 1950 omnium.

255 1989 481 2031 Praeterea
517 1991 722 2031 notabilis
756 1990 826 2031 sed
859 1990 1055 2043 legitima
1089 1990 1213 2031 venia
1245 1993 1364 2031 tutus
1392 1991 1638 2044 appendicis
1662 2007 1809 2034 versus

256 2060 343 2113 [10‚
374 2061 443 2111 10]
478 2060 564 2102 hic:

466 2156 550 2184 non
583 2145 630 2183 ut
663 2142 831 2183 labores
866 2143 994 2195 facio,
1025 2144 1096 2184 sed
1125 2146 1170 2183 ut
1202 2143 1331 2183 istum
1366 2143 1530 2196 domes3

255 2212 334 2253 nisi
368 2212 510 2266 potius
544 2213 777 2254 scribemus
812 2213 900 2254 ‘sed
933 2214 997 2255 uti
1029 2213 1168 2255 stum'.

373 2293 520 2342 Quinti
550 2295 669 2348 pedis
700 2296 816 2337 arsin
839 2310 923 2336 11011
957 2295 1058 2336 licet
1084 2295 1192 2336 solvi
1220 2295 1302 2336 nisi
1330 2296 1538 2337 voca-bulo
1560 2297 1655 2350 plus
1683 2313 1809 2351 quam

255 2365 481 2419 trisyllabo
521 2366 743 2407 claudente
782 2368 985 2419 metrum,
1036 2382 1060 2407 a-
1092 2381 1175 2420 qua
1214 2380 1364 2407 norma
1396 2366 1466 2407 vix
1507 2369 1605 2408 sunt
1643 2367 1810 2409 diversa

256 2435 361 2477 haec
394 2435 462 2488 [V,
491 2437 527 2489 7,
554 2437 627 2490 223
661 2451 756 2490 app.
788 2437 827 2486 9,
853 2437 897 2488 6]

467 2506 641 2560 quidam
673 2507 717 2547 in
750 2509 1023 2560 conspectum
1055 2506 1326 2560 proditurum
1359 2507 1449 2547 31110
1483 2521 1614 2549 mora.

467 2576 685 2630 respondit
715 2577 811 2618 illa:
845 2576 1044 2631 quicquid
1077 2577 1243 2618 dederis
1277 2577 1382 2618 satis
1416 2577 1508 2618 erit.

257 2658 386 2699 Arsin
418 2658 556 2700 diduci
590 2662 793 2714 sequente
827 2661 1059 2713 anapaesto
1092 2659 1157 2699 vel
1190 2659 1408 2700 tribracho
1429 2674 1512 2700 non
1534 2660 1808 2714 permittitur.

255 2729 492 2783 Anapaesti
524 2729 666 2771 thesin
701 2730 906 2772 vocabulo
940 2729 1155 2784 disyllabo
1178 2730 1385 2771 contineri
1405 2745 1490 2771 non
1520 2730 1620 2771 licet
1638 2735 1809 2785 praeter

255 2799 440 2854 primum
471 2799 620 2854 pedem
653 2804 696 2842 et
729 2799 954 2855 aliquando
987 2800 1182 2854 quintum
1217 2799 1319 2853 [HL
1351 2801 1414 2853 10,
1434 2801 1478 2854 43
1518 2801 1675 2854 14,11;
1715 2817 1808 2860 app.

261 2870 325 2923 19,
351 2871 395 2923 33
427 2870 494 2923 30,
525 2871 607 2924 10].
670 2871 899 2912 Praeterea
935 2870 1121 2912 notanda
1161 2873 1260 2911 sunt
1297 2870 1434 2911 thesis
1467 2871 1510 2912 in
1542 2871 1680 2926 primo
1714 2873 1807 2915 loco

257 2939 434 2981 liberius
466 2940 639 2983 habitae
674 2940 867 2995 exempla
898 2939 961 2981 ΙΠ
988 2941 1094 2995 prol.
1110 2940 1184 2994 493
1216 2940 1290 2995 IV,
1309 2940 1435 2995 57343
1469 2940 1657 2994 VI‚2‚8;
1687 2942 1806 2996 8‚f21.
