2028 3310
813 183 1071 219 APPENDIX.
1665 186 1712 227 71

385 292 494 333 Vsus
526 292 755 344 bonorum,
788 292 859 333 sed
893 293 953 333 nil
985 295 1167 346 possunt
1198 295 1386 347 tangere.

382 361 510 403 Vrnis
543 363 748 404 scelestae
782 362 995 403 Danaides
1028 366 1204 417 portant
1237 379 1388 418 aquas,
1677 375 1718 405 10

380 433 560 474 Pertusa
591 447 669 474 nec
701 433 911 486 complere
945 436 1124 486 possunt
1155 433 1289 474 dolia:

379 502 532 555 Immo,
565 502 755 544 luxuriae
789 502 987 556 quiequid
1019 503 1202 557 dederis,
1236 504 1426 557 perfluet.

378 573 542 614 Novem
575 575 796 627 porrectus
829 572 981 627 Tityos
1014 576 1079 614 est
1110 588 1185 627 per
1211 575 1372 629 iugera,

379 643 512 684 Tristi
546 646 741 684 rena-tum
775 656 1007 697 suggerens
1040 658 1200 698 poenae
1232 645 1364 686 iecur:

379 715 471 762 Quo
504 714 599 768 quis
632 714 838 755 maiorem
871 713 1062 767 possidet
1093 716 1233 756 terrae
1267 715 1419 769 locum,
1674 729 1716 759 15

377 784 820 826 Hoc-demonstratur
853 800 948 826 cura
984 785 1182 839 graviore
1214 785 1349 827 adfici.

376 856 583 897 Consulto
616 856 800 897 involvit
832 855 1057 897 veritatem
1091 855 1338 910 antiquitas,

378 926 438 967 Vt
470 927 638 980 sapiens
672 926 962 980 intellegeret,
994 928 1157 968 erraret
1189 926 1318 968 rudis.

898 1067 961 1109 VI
965 1101 973 1109 .

806 1138 1073 1183 {Avcwom

694 1208 763 1254 [De
790 1207 938 1242 oraculo
965 1207 1177 1253 Apollinis]

444 1281 581 1322 Vtilia
609 1281 730 1322 nobis
759 1296 865 1335 quae
894 1281 981 1322 sint
1007 1281 1085 1334 dic,
1112 1281 1296 1335 Phoebe,
1323 1282 1512 1336 obsecro,

373 1352 452 1401 Qui
487 1351 677 1406 Delphos
711 1354 754 1393 et
786 1353 1023 1399 formosum
1056 1351 1293 1393 Parnasum
1326 1353 1490 1407 incolis,

372 1422 547 1471 Quando
582 1425 774 1464 sacratae
806 1423 917 1464 vatis
950 1422 1204 1464 horrescunt
1238 1438 1395 1477 comae,

371 1493 575 1547 Tripodes
608 1495 851 1546 moventur,
882 1493 1023 1547 mugit
1061 1494 1202 1548 adytis
1235 1494 1417 1549 Religio,

372 1564 663 1618 Tremuntque
696 1564 805 1605 lauri
839 1566 881 1605 et
912 1564 1003 1618 ipse
1035 1565 1234 1618 pullescit
1266 1565 1369 1607 dies.
1691 1578 1710 1608 5

369 1633 508 1676 Voces
541 1635 722 1676 resolvit
753 1635 839 1676 icta
871 1634 1044 1688 Python
1077 1635 1267 1676 numine:

293 1731 312 1746 .
369 1705 527 1746 Audite
561 1708 711 1759 gentes
744 1705 859 1747 Delii
891 1705 1079 1747 monitus
1113 1706 1198 1747 dei:

369 1776 582 1817 Pietatem
614 1775 758 1830 colite,
791 1778 893 1817 vota
925 1776 1090 1830 superis
1123 1777 1303 1831 reddite3

369 1846 575 1900 Patriam,
606 1849 824 1901 parentes,
855 1849 997 1900 natos,
1031 1850 1170 1888 castas
1203 1848 1404 1903 coniuges

368 1917 595 1959 Defendite
629 1917 778 1970 armis,
810 1917 980 1974 hostem
1011 1917 1124 1958 ferro
1157 1918 1325 1972 pellite3
1668 1930 1710 1960 10

369 1988 542 2030 Amicos
576 1988 814 2041 sublevate3
847 1988 1014 2029 miseris
1046 1989 1225 2042 parcite3

368 2058 499 2100 Bonis
533 2060 689 2110 favet-e,
723 2058 916 2099 subdolis
948 2058 1008 2100 ite
1041 2059 1230 2113 obviam3

368 2130 536 2172 Delicta
568 2130 799 2183 vindicate3
833 2129 1028 2171 cohibete
1056 2130 1218 2184 inpi083

366 2201 521 2243 Punite
553 2201 671 2255 turpi
703 2200 918 2242 thalamos
953 2201 1025 2254 qui
1058 2200 1225 2242 violant
1258 2203 1424 2256 stupr03

157 2357 198 2388 10
225 2352 404 2388 scelestae
433 2354 585 2396 Zellius,
625 2352 798 2388 scelestas
827 2351 864 2386 V.
944 2356 984 2386 12
1012 2352 1124 2387 immo
1154 2352 1192 2386 V.
1255 2352 1432 2397 quicquid
1460 2354 1499 2388 V.
1562 2354 1707 2390 dederis

154 2413 203 2456 N,
231 2412 327 2447 den’s
357 2412 395 2446 1'.
446 2412 602 2457 perfluet
621 2412 669 2455 N,
696 2411 847 2456 profluit
861 2411 899 2445 V.
965 2415 1006 2446 13
1028 2411 1155 2456 Tytios
1172 2411 1211 2446 V.
1283 2416 1325 2446 14
1350 2411 1467 2447 tristis
1490 2434 1530 2438 -
1551 2424 1644 2458 pene
1666 2414 1707 2457 V,

153 2482 243 2506 corr.
269 2472 378 2506 Imm.
455 2474 498 2505 15
525 2469 604 2514 quis
630 2471 739 2512 idem,
765 2469 920 2514 quisque
949 2469 988 2504 V.
1078 2473 1119 2504 18
1145 2469 1373 2516 intelligeret
1400 2471 1440 2506 V.
1491 2473 1630 2506 erraret
1656 2472 1706 2516 N,

155 2532 281 2566 enaret
308 2531 348 2566 V.

248 2589 278 2622 V
283 2590 308 2632 1,
339 2594 353 2624 1
382 2589 490 2624 utilia
514 2601 548 2623 n.
576 2599 670 2633 quae
697 2589 771 2623 sint
795 2587 834 2622 F
834 2589 1059 2632 roehlichius,
1091 2588 1218 2623 utilius
1244 2601 1277 2623 n.
1305 2589 1394 2633 quid
1420 2589 1469 2623 sit
1495 2589 1535 2622 V.
1618 2593 1657 2633 2,
1684 2594 1704 2625 3

152 2648 299 2684 incolis:
339 2648 485 2693 quando
513 2649 644 2690 Ianw,
681 2647 812 2682 incolis
845 2647 954 2691 qu.d
979 2648 1034 2689 K,
1075 2647 1097 2681 i.
1125 2647 1259 2692 quid‘o
1288 2647 1338 2688 V;
1386 2648 1539 2690 fortasse
1563 2647 1705 2683 ineolis.

153 2707 242 2751 quid
267 2711 308 2742 o!
335 2708 409 2742 siz-e
434 2708 522 2753 quid
547 2709 625 2743 est?
696 2711 717 2741 4
742 2706 906 2752 tripodes
934 2727 974 2731 ——
1003 2706 1125 2751 adytis
1150 2707 1199 2749 N,
1224 2705 1382 2751 tripodis
1409 2727 1451 2732 —
1478 2706 1588 2741 aditis
1617 2707 1656 2741 V.

154 2771 174 2801 6
201 2766 345 2811 Python
374 2768 431 2809 M,
457 2767 600 2811 Phyton
626 2765 676 2807 N,
701 2764 836 2800 Phiton
858 2765 897 2798 V.
973 2769 991 2799 7
1019 2765 1049 2798 D
1072 2792 1255 2799 .......
1282 2766 1412 2809 gentes
1437 2765 1485 2800 N.
1545 2765 1705 2801 monitus

154 2861 207 2903 N,
244 2834 379 2895 montis
408 2861 447 2895 V.
539 2865 578 2895 10
605 2859 700 2895 ferro
735 2859 863 2900 Iam,
902 2858 1072 2903 ferroque
1101 2858 1139 2891 V.
1235 2862 1276 2893 13
1309 2857 1481 2894 cohibete
1515 2858 1702 2902 cassinus,

153 2918 334 2965 castigate
363 2919 402 2954 V.
