2028 3310
850 214 996 249 LIBER.
1021 214 1080 250 IV.
1687 216 1743 255 53

404 322 593 364 Profecti
625 324 725 364 sunt
744 322 889 376 legati
921 337 1008 363 non
1040 321 1169 363 celeri
1200 321 1316 376 pedo,

403 392 517 434 Dum
547 393 722 434 naribus
755 395 1001 434 scrutantur
1034 407 1175 434 escam
1207 392 1251 434 in
1276 394 1474 434 stercore.

956 515 980 541 ἣ(

403 579 539 622 Citati
570 595 656 622 non
686 580 959 634 respondent.
1020 579 1103 621 Vix
1136 580 1309 621 tandem
1342 580 1503 621 invenit

401 650 489 692 Eos
521 649 756 692 Mercurius
790 653 832 691 et
864 650 1062 692 turbatos
1097 649 1298 691 adtrahit.

402 721 512 763 Tum
544 735 643 762 vero
678 721 843 762 vultum
875 720 1021 775 magni
1054 724 1100 761 ut
1133 720 1330 761 viderunt
1361 719 1488 773 lovis,
1704 731 1745 759 io

402 791 558 833 Totam
590 791 792 833 timentes
825 794 1109 833 concacarunt
1141 790 1321 845 regiam3

401 861 599 916 Propulsi
633 876 732 903 vero
764 861 950 903 fustibus
983 861 1144 902 vadunt
1175 861 1304 902 foras.

402 932 533 974 Vetat
565 933 727 974 dimitti
760 945 941 986 magnus
974 932 1073 973 illos
1106 932 1311 986 Iuppiter.

401 1003 548 1044 Mirati
581 1003 664 1044 sibi
695 1003 864 1057 legatos
897 1016 983 1044 non
1015 1002 1233 1056 revertier,

399 1072 540 1128 Turpe
573 1074 850 1115 aestimantes
885 1073 1047 1127 aliquid
1080 1073 1355 1113 commissum
1389 1089 1411 1114 a
1445 1073 1531 1114 suis
1704 1085 1745 1113 15

400 1143 504 1186 Post
537 1144 709 1199 aliquod
742 1147 910 1198 tempus
945 1144 1052 1185 alios
1087 1143 1270 1184 adscribi
1303 1143 1463 1184 iubent.

400 1214 562 1256 Rumor
593 1215 761 1269 legatos
795 1217 842 1255 ut
874 1214 1037 1268 priores
1070 1213 1271 1268 prodidit,

399 1285 616 1326 Timentes
650 1300 796 1326 rursus
830 1284 990 1338 aliquid
1022 1298 1074 1324 ne
1108 1284 1248 1325 simile
1282 1284 1458 1337 accidat,

401 1355 539 1397 Odore
573 1355 748 1397 canibus
782 1370 909 1396 anum
942 1355 1110 1408 replent
1143 1355 1306 1407 sedulo,

400 1425 609 1468 Mandant
642 1429 701 1479 et,
734 1428 876 1479 orent,
908 1428 955 1466 ut
987 1424 1262 1466 dimittantur
1295 1426 1455 1466 statim.
1701 1438 1744 1466 20

402 1496 584 1538 Abeunt.
640 1496 860 1551 Rogantes
895 1496 1058 1537 aditum
1092 1496 1292 1537 continuo
1325 1497 1555 1549 inpetrant.

399 1567 606 1609 Consedit
637 1567 806 1622 genitor
838 1570 930 1608 tum
962 1567 1136 1607 deorum
1169 1567 1378 1608 maximus

400 1638 670 1692 Quassatque
703 1638 883 1679 fulmen:
914 1640 1098 1679 tremere
1131 1652 1307 1691 coepere
1341 1637 1496 1679 omnia.

399 1707 534 1750 Canes
567 1708 748 1761 confusi,
782 1708 949 1749 subitus
982 1707 1095 1762 quod
1127 1707 1265 1750 fuerat
1298 1710 1456 1763 fragor,

399 1777 592 1833 Repente
625 1779 797 1820 odorem
830 1779 1011 1820 mixtum
1045 1793 1139 1820 cum
1172 1779 1328 1820 merdis
1361 1782 1519 1821 cacant.
1701 1790 1743 1820 25

399 1848 654 1891 Reclamant
686 1864 852 1903 omnes,
883 1849 1183 1891 vindicandam
1214 1850 1425 1891 iniuriam.

400 1919 469 1962 Sic
503 1924 567 1962 est
598 1920 766 1962 locutus
799 1922 898 1961 ante
930 1934 1113 1974 poenam
1145 1920 1356 1975 Iuppiter:

399 1991 584 2045 Legatos
616 2005 702 2032 non
735 1993 799 2032 est
831 1991 945 2045 regis
977 2005 1062 2032 11011
1095 1990 1322 2044 dimittere,

399 2061 489 2103 Nec
522 2065 587 2103 est
618 2062 791 2104 difficile
823 2076 981 2116 poenas
1015 2061 1164 2116 culpae
1197 2062 1418 2116 inponere;

400 2131 482 2174 Sed
515 2131 596 2174 hoc
629 2132 776 2174 feretis
808 2146 886 2187 pro
921 2132 1089 2173 iustitia
1119 2131 1376 2186 praemium:
1697 2144 1742 2174 30

397 2202 496 2244 Non
529 2206 626 2245 veto
659 2203 837 2257 dimitti,
870 2217 1019 2244 verum
1052 2202 1231 2244 cruciari
1263 2203 1389 2257 fame,

398 2273 464 2315 Ne
496 2276 688 2315 ventrem
721 2274 937 2316 continere
969 2288 1055 2315 non
1086 2273 1253 2328 possint
1285 2287 1421 2314 suum.

399 2344 469 2385 Illi
502 2348 662 2398 autem,
694 2345 767 2399 qui
799 2345 1008 2386 miserunt
1039 2359 1113 2385 vos
1146 2347 1236 2385 tam
1268 2343 1445 2397 futtiles,

184 2476 267 2517 pos&
289 2484 321 2507 v.
344 2477 362 2507 7
389 2473 532 2517 aliquid
556 2472 670 2507 deesse
696 2473 785 2506 vidit
813 2472 1012 2507 Mem-sius.
1079 2469 1119 2507 13
1146 2471 1311 2516 luppiter
1333 2472 1376 2506 1’.
1429 2476 1471 2506 14
1499 2470 1623 2506 mirari
1652 2471 1740 2514 PR,

187 2544 278 2568 corr.
287 2544 327 2577 1).
360 2531 550 2577 reverticr]
572 2535 782 2575 capuam-a
802 2531 882 2566 libr.
899 2543 937 2566 or
958 2532 997 2566 in
1014 2532 1057 2567 1¹.
1122 2535 1162 2565 15
1178 2530 1329 2574 aliquod
1346 2530 1426 2564 PR.
1463 2529 1677 2564 vonnnisnm
1697 2530 1740 2565 P.

192 2596 232 2626 16
259 2589 392 2626 adsciri
419 2589 488 2635 Rq.
567 2593 608 2624 17
635 2589 779 2634 legatos
805 2591 847 2624 ut
871 2589 1010 2634 priores
1035 2589 1292 2631 Burnumnus,
1328 2589 1354 2623 l.
1382 2588 1589 2633 sulm-{orvs
1615 2589 1692 2623 cdd.

191 2655 232 2685 19
258 2649 402 2695 replent
429 2648 557 2684 sedulo
577 2648 800 2693 Lanqem'us,
827 2649 955 2683 sedulo
980 2648 1126 2693 replent
1151 2649 1326 2683 Bothius:
1353 2649 1410 2682 sat
1430 2648 1545 2681 multo
1561 2648 1741 2682 Baehren-

186 2710 275 2753 sius,
296 2709 518 2753 Spenqeh'us,
545 2708 726 2749 Zorm'us,·
751 2707 815 2742 sed
840 2707 958 2742 multo
983 2719 1010 2742 r.
1038 2708 1116 2742 cdd.
1185 2711 1230 2741 20
1255 2707 1308 2740 ita
1326 2707 1391 2745 M,·
1417 2706 1593 2740 mandant
1618 2705 1739 2741 dimit-

188 2768 317 2802 tuntur
342 2765 467 2801 statim
497 2766 583 2801 PR.
671 2769 713 2800 21
741 2765 879 2801 abeunt
904 2767 1120 2809 Schefferus,
1159 2765 1296 2799 adeunt
1321 2765 1399 2799 cclcl.
1487 2768 1531 2798 *24
1563 2764 1663 2799 canis
1695 2776 1740 2799 m.

183 2837 242 2870 pr.
270 2825 338 2870 Rq.
388 2825 548 2867 confusi,
581 2824 723 2860 subitus
750 2825 863 2868 Gud„
903 2824 1074 2860 confusus
1110 2822 1230 2858 subito
1262 2822 1345 2857 PR.
1439 2827 1482 2857 25
1508 2823 1623 2858 mixto
1649 2824 1740 2866 cdd„

188 2896 278 2920 corr.
298 2896 338 2929 p.
400 2888 443 2919 27
470 2884 644 2928 loquutus
665 2883 708 2917 11⁵.
778 2887 822 2918 28
848 2883 993 2928 legatos
1019 2895 1091 2918 11011
1118 2884 1173 2917 est
1189 2882 1296 2925 Gud„
1322 2893 1395 2916 11011
1415 2883 1471 2916 est
1490 2881 1632 2926 legatos
1654 2882 1739 2917 PR.

189 2948 234 2979 30
258 2941 402 2978 iustitia
428 2942 537 2986 Gud„
564 2941 700 2977 iudicio
731 2941 817 2976 1’I1'.
892 2946 934 2976 33
963 2941 1104 2976 futtiles
1135 2940 1177 2975 1’.
