2028 3310
224 2587 289 2631 XI,
319 2591 334 2621 1
363 2599 396 2620 v.
423 2585 446 2620 f.
476 2586 601 2625 Imm..
627 2586 649 2619 f.
678 2597 710 2620 v.
740 2585 778 2619 V.
853 2588 872 2619 2
901 2586 1023 2630 Phryx
1050 2585 1187 2630 sophus
1216 2586 1340 2626 lama,
1376 2586 1541 2629 Aesopus
1570 2585 1609 2618 V.

130 2688 150 2717 3
178 2694 224 2716 an
250 2681 332 2727 plus

130 2740 261 2776 fortior
285 2739 335 2774 N.

225 2810 311 2852 XII,

765 206 1019 241 APPENDlX.

860 313 931 355 XI.

427 385 687 428 [AESOPVS
713 386 782 418 ΕΤ
808 385 1016 418 VICTOR
1043 383 1367 427 GYMN10vs.]

408 453 615 499 [Quomodo
648 453 913 497 comprimatur
943 453 1142 497 aliquando
1173 452 1379 496 iactantia!

402 525 623 567 Victorem
655 526 767 567 forte
799 525 987 580 gymnici
1020 525 1268 566 certaminis

331 596 636 638 Iactantiorem
669 610 763 637 cum
795 596 973 637 vidisset
1004 595 1148 648 Phryx
1184 595 1351 649 sophus,

329 666 636 721 ]nte1·rogavit,
669 682 721 707 an
756 667 850 720 plus
884 666 1152 708 adversarius

333 737 554 778 Valuisset
586 737 705 778 eius?
752 737 849 778 Ille:
882 752 933 778 ne
966 737 1080 778 istud
1111 736 1286 788 dixerisg

333 808 470 850 Multo
504 810 620 849 fuere
653 808 763 848 vires
797 808 981 849 maiores
1014 822 1146 848 meae.

333 879 471 932 Quod,
502 880 659 934 inquit,
693 892 808 933 crgo,
842 879 990 933 stulte,
1022 878 1217 920 meruisti
1249 878 1389 931 decus,

332 948 473 990 Minus
505 949 720 991 valentem
753 949 788 990 si
821 949 965 990 vicisti
995 949 1177 990 fortior?

334 1019 548 1062 Ferendus
581 1035 714 1073 esses,
746 1021 856 1061 forte
889 1020 925 1061 si
959 1023 1000 1061 te
1033 1020 1194 1062 diceres

333 1090 583 1144 Superasse,
617 1090 769 1132 melior
801 1090 872 1145 qui
905 1091 1057 1143 fuisset
1089 1091 1264 1132 viribus.

611 1307 828 1381 {Asmvs
852 1268 1186 1381 {ial'LYRAMq

383 1407 590 1452 [Quomodo
616 1407 766 1453 ingonia.
793 1420 900 1453 saepo
928 1407 1140 1442 calamitate
1167 1406 1416 1452 intercidant]

406 1480 565 1521 Asinus
598 1480 809 1522 iacentem
841 1480 948 1521 vidit
979 1480 1024 1521 in
1055 1482 1181 1534 prato
1214 1480 1366 1534 lyram.

336 1551 531 1592 Accessit
563 1553 606 1591 et
635 1551 866 1604 temptavit
898 1551 1079 1592 chordas
1112 1551 1290 1604 ungula3

336 1620 522 1662 Sonuere
556 1623 710 1662 tactae.
772 1621 897 1663 Bella
928 1636 1014 1675 res,
1048 1621 1120 1662 sed
1154 1620 1360 1662 mercules

335 1691 449 1732 Male
482 1691 628 1744 cessit,
661 1692 819 1746 inquit,
853 1692 958 1732 artis
991 1692 1091 1746 quia
1123 1706 1217 1732 sum
1250 1691 1431 1732 nescius.

337 1762 380 1804 Si
413 1762 674 1816 repperisset
707 1761 863 1816 aliquis
896 1762 1004 1803 hanc
1036 1761 1298 1816 prudentior,

337 1832 504 1874 Divinis
538 1848 660 1874 aures
694 1833 955 1875 oblectasset
985 1833 1196 1874 cantibus.

408 1902 474 1944 Sic
508 1918 635 1957 saepe
669 1903 839 1957 ingenia
873 1903 1116 1944 calamitate
1150 1903 1420 1945 intercidunt.

785 2087 792 2093 ·
847 2078 965 2121 XIII.

523 2150 762 2193 {MVLIER
787 2151 966 2183 VIDVA
991 2151 1062 2183 ΕΤ
1089 2150 1289 2193 munel

418 2220 582 2266 [Quanta
607 2219 656 2254 sit
680 2218 929 2254 inconstantia
955 2221 993 2254 et
1017 2219 1133 2254 libido
1159 2218 1385 2265 mulierum.]

409 2293 514 2335 Post
539 2293 704 2347 aliquot
730 2307 864 2334 annos
892 2293 1100 2347 quaedam
1127 2292 1331 2334 dilectum
1359 2292 1494 2334 virum

341 2364 501 2406 Amisit
533 2366 575 2405 et
607 2363 875 2418 sarcophago
909 2378 1062 2418 corpus
1089 2363 1297 2417 condidit3

361 2681 484 2722 Imm„
512 2678 720 2723 ampliusne
748 2679 786 2714 V.
880 2684 900 2713 4
927 2679 1005 2714 eius
1035 2680 1152 2722 Orell.‚
1180 2691 1265 2714 suus
1294 2679 1332 2711 V.
1417 2683 1434 2712 7
1464 2652 1609 2723 Ῑοήίίρἔζ·
1642 2679 1682 2721 V,

409 2743 429 2773 9
457 2737 587 2773 melior
612 2737 675 2782 qni
700 2737 832 2773 fuisset
859 2739 916 2779 M,
941 2751 974 2782 q.
1002 2739 1024 2773 f.
1053 2751 1099 2772 m.
1128 2739 1252 2772 lame..
1278 2737 1342 2781 qni
1367 2739 1465 2772 esset
1489 2737 1621 2772 melior
1642 2737 1681 2771 V.

337 2814 357 2843 2
383 2810 422 2844 et
446 2810 529 2844 add.
559 2809 671 2842 Iann.
723 2808 851 2843 cordas
879 2808 919 2843 V.
994 2815 1013 2843 3
1042 2809 1104 2843 sed
1131 2808 1310 2843 mei-cules
1339 2808 1397 2849 M,
1430 2819 1487 2843 mc
1514 2807 1681 2842 hercules

142 2869 179 2902 V.
256 2873 275 2903 4
302 2867 424 2912 inquit
447 2868 554 2909 docti,
580 2866 634 2901 ait
661 2866 699 2900 V.
775 2871 794 2901 5
821 2867 1020 2912 reperisset
1044 2868 1122 2902 cdd.

231 2939 297 2973 XII
322 2939 428 2973 inser.
459 2936 647 2972 muliebris
674 2937 717 2971 N
738 2937 777 2971 in
802 2937 934 2972 indice.
1013 2942 1026 2971 1
1057 2938 1143 2983 post
1165 2937 1220 2978 M,
1246 2948 1313 2982 per
1335 2936 1372 2970 V.
