2028 3310
882 191 1025 225 LIBER
1050 191 1110 227 ΙΙΙ.
1711 194 1764 235 37

499 298 568 339 Sic
599 298 722 339 ludus
755 299 897 339 animo
931 298 1055 340 debet
1088 299 1314 353 aliquando
1347 300 1450 352 (lari,

427 367 493 409 Ad
526 369 800 423 cogitandum
834 368 985 410 melior
1017 371 1065 410 ut
1096 369 1242 411 redeat
1273 370 1365 411 tibi.

942 567 1034 609 XV.

715 637 898 681 [CANIS
924 639 998 670 AD
1025 638 1260 683 AGNVM.]

494 707 614 749 Inter
646 708 831 762 capellas
864 722 974 763 agno
1007 708 1172 763 palanti
1205 710 1340 751 canis:

425 778 583 831 Stulte,
615 778 771 832 inquit,
807 794 940 832 erras;
971 794 1058 820 non
1090 783 1155 821 est
1186 780 1254 821 hic
1288 784 1423 821 mat-er
1455 782 1547 833 tua;

424 848 618 902 Ovesque
651 851 901 902 segregatas
935 849 1122 890 ostendit
1155 849 1314 903 procul.

422 918 521 960 Non
546 919 667 960 illam
695 935 870 973 quaero,
897 935 1021 974 quae,
1048 934 1143 961 eum
1169 920 1394 970 libitumst,
1421 921 1618 974 concipit,

422 990 533 1031 Dein
566 993 711 1044 portat
743 1005 849 1031 onus
882 991 1099 1044 ingratum
1132 991 1260 1032 certis
1293 991 1523 1043 mensibus,
1743 1003 1763 1032 5

420 1059 662 1102 Novissime
695 1060 940 1114 prolapsam
973 1061 1149 1101 effundit
1182 1062 1412 1115 sarcinam3

421 1131 583 1172 Verum
615 1131 753 1184 illam,
785 1146 892 1185 quae
925 1145 991 1171 mc
1024 1131 1161 1173 nutrit
1193 1132 1366 1173 admoto
1399 1132 1528 1173 ubere

420 1201 690 1256 Fraudatque
722 1204 846 1242 natos
878 1201 1000 1255 lacte,
1031 1216 1083 1243 ne
1116 1202 1225 1243 desit
1257 1203 1373 1244 mihi.

422 1272 582 1314 Tamen
609 1272 727 1313 illast
752 1272 913 1326 potior,
941 1287 1048 1326 quae
1075 1275 1116 1313 te
1143 1273 1322 1326 peperit.
1371 1272 1472 1314 Non
1500 1273 1616 1315 itast.

421 1342 543 1383 Vnde
575 1342 652 1383 illa
685 1342 827 1395 scivit,
859 1341 982 1396 niger
1017 1357 1071 1383 an
1103 1342 1226 1383 albus
1259 1344 1486 1385 nascerer?
1720 1356 1762 1386 10

420 1412 515 1467 Age
546 1428 691 1467 porr03
723 1427 871 1466 parere
904 1413 940 1454 si
972 1413 1179 1454 voluisset
1209 1414 1424 1468 feminam,

421 1483 531 1532 Quid
564 1484 836 1537 profecisset,
868 1498 962 1524 cum
995 1498 1162 1526 crearer
1194 1485 1443 1526 masculus?

419 1553 660 1594 Benfieium
693 1567 794 1594 sane
826 1567 1032 1608 magnum
1063 1554 1200 1595 natali
1231 1555 1361 1608 dedit,

419 1624 480 1665 Vt
513 1626 783 1677 expectarem
815 1623 979 1664 lanium
1010 1624 1055 1664 in
1085 1624 1214 1665 horas
1248 1625 1460 1679 singulas!

420 1694 550 1736 Cuius
583 1696 774 1748 potestas
805 1694 925 1735 nulla
956 1694 1001 1735 in
1033 1695 1247 1749 gignendo
1279 1695 1373 1749 fuit,
1719 1709 1760 1738 15

420 1765 505 1806 Cur
536 1765 614 1805 hac
648 1764 705 1805 sit
735 1764 891 1818 potior,
923 1779 1030 1819 quae
1064 1765 1239 1806 iacentis
1273 1766 1507 1808 miserit-ast

420 1835 684 1889 Dulcemque
716 1838 866 1889 sponte
899 1838 1093 1889 praestat
1124 1836 1489 1878 benivolentiam?

418 1905 539 1947 Facit
569 1907 768 1959 parentes
800 1905 989 1958 bonitas,
1020 1921 1107 1947 non
1137 1907 1383 1948 necessitas.

489 1976 569 2017 His
603 1976 894 2016 demonstrare
928 1976 1065 2017 voluit
1097 1980 1243 2018 auctor
1276 1979 1469 2019 versibus

419 2047 639 2088 Obsistere
671 2046 865 2088 homines
897 2046 1082 2102 legibus,
1115 2047 1279 2089 meritis
1312 2049 1418 2102 capi.
1715 2062 1758 2092 20

209 2262 250 2292 12
277 2257 385 2292 ludus
412 2278 454 2283 ——
482 2257 593 2293 debet
618 2258 830 2301 Schefferus,
856 2257 956 2291 lusus
985 2257 1121 2292 debent
1145 2257 1180 2292 R
1206 2261 1246 2292 ut
1273 2259 1356 2301 vid„
1384 2259 1429 2301 1¹,
1454 2259 1554 2294 lusus
1581 2259 1690 2295 debet
1717 2260 1756 2297 Γ.

209 2323 251 2352 14
277 2317 323 2352 ad
351 2329 379 2352 c.
405 2319 448 2352 ut
473 2316 524 2352 sic
549 2317 681 2351 melior
706 2316 884 2360 (molliter
905 2316 954 2361 V)
980 2329 1006 2351 r.
1035 2328 1099 2352 om.
1126 2317 1195 2351 tibi
1221 2317 1315 2351 NV.

300 2375 378 2417 XV,
407 2380 422 2409 1
451 2375 592 2420 palanti
621 2375 831 2417 Pru-schim,
856 2374 1015 2409 ballanti
1043 2375 1138 2417 PR,
1169 2375 1310 2410 balanti
1337 2375 1378 2418 V,
1406 2375 1556 2420 vaganti
1581 2376 1685 2411 Rom.

207 2439 226 2468 2
253 2433 314 2468 hic
340 2434 381 2477 V,
406 2434 498 2469 haec
520 2433 606 2468 PR.
657 2434 775 2468 matre
791 2433 831 2469 V.
899 2437 919 2467 5
946 2432 1031 2468 dein
1053 2433 1093 2476 Γ,
1119 2433 1250 2468 deinde
1275 2434 1367 2476 1’11’3
1393 2434 1465 2468 fert
1487 2445 1554 2478 pro
1574 2436 1698 2479 portat
1716 2435 1755 2470 V.

204 2493 392 2537 ingratum
406 2493 538 2534 Bentl„
563 2491 732 2537 ignotum
756 2503 787 2527 v.
846 2496 864 2526 7
885 2491 1084 2527 admodum
1103 2492 1214 2527 ubere
1233 2492 1270 2526 V.
1334 2497 1354 2527 9
1381 2494 1437 2527 est
1456 2503 1520 2527 om.
1540 2493 1580 2535 V,
1606 2494 1687 2528 item
1707 2495 1755 2528 te.

208 2556 251 2586 10
276 2554 488 2587 nasceretur
515 2551 555 2585 V.
632 2556 685 2594 11,
713 2555 754 2585 12
781 2562 910 2596 parere
938 2573 979 2576 —
1006 2563 1072 2596 pro
1099 2562 1164 2586 om.
1194 2551 1289 2594 1²13,
1320 2552 1460 2596 oriyine
1484 2552 1616 2586 erroris
1641 2553 1756 2586 mani-

205 2610 307 2652 festa.
383 2614 425 2645 12
451 2610 599 2645 fecisset
626 2610 669 2653 P,
704 2609 834 2645 fuisset
858 2610 904 2644 R.
987 2615 1027 2645 13
1054 2621 1230 2655 magnum
1257 2621 1343 2645 sane
1374 2610 1459 2644 PR.
1515 2610 1640 2645 natale
1669 2611 1753 2646 PR.

208 2673 251 2703 14
278 2670 484 2713 spectarem
518 2668 612 2709 PR,
650 2669 881 2712 expectarem
915 2668 956 2712 V,
1002 2680 1099 2713 exsp.
1126 2668 1175 2703 N.
1255 2668 1394 2703 lanium
1430 2667 1469 2702 in
1507 2680 1573 2703 ora
1608 2669 1649 2703 V.

208 2732 250 2762 15
276 2727 471 2773 gygnendo
500 2727 543 2762 1².
620 2731 661 2761 16
688 2726 839 2762 miserta
864 2729 921 2762 est
939 2728 990 2770 N,
1015 2727 1165 2762 miseria
1189 2729 1245 2762 est
1279 2727 1318 2761 V.
1395 2731 1435 2761 17
1464 2727 1753 2763 benivolentiam

209 2785 336 2820 PRV.
434 2788 476 2820 18
503 2787 694 2830 parentem
718 2785 756 2820 V.
830 2785 1004 2821 nativitas
1030 2786 1121 2821 male
1146 2786 1248 2821 Rom.
1361 2789 1415 2829 19,
1442 2790 1486 2821 20
1511 2797 1577 2821 om.
1607 2787 1645 2821 V.

207 2848 252 2880 20
276 2844 420 2890 legibus
445 2855 477 2888 v,
502 2844 661 2890 legimus
690 2845 734 2879 P.
