2028 3310
901 201 1052 236 INDEX
1082 202 1123 236 II.

1707 204 1788 244 115

824 391 1084 433 INDEX
1133 391 1194 433 II.

235 495 418 540 Acceptor
443 497 481 530 et
504 495 661 530 luscinia
686 495 754 529 VII
780 499 834 529 11.

233 543 400 587 Aesopus
432 542 480 577 ad
511 542 694 587 quendam
729 541 774 576 de
806 552 976 577 successu

280 589 518 634 inproborum
545 589 578 622 H
603 593 635 623 3.

233 637 400 680 Aesopus
426 637 464 671 et
488 635 640 670 domina
664 635 714 669 171
743 639 795 670 15.

234 683 398 727 Aesopus
423 684 462 717 et
484 682 656 727 petulans
683 683 732 716 III
758 687 789 717 5.

232 731 396 774 Aesopus
423 730 460 764 et
484 729 641 764 rusticus
669 729 717 763 111
743 733 774 762 3.

233 778 398 821 Aesopus
425 779 463 811 et
487 775 645 821 scriptor
671 776 719 810 VI
747 780 776 810 7.

231 824 399 868 Aesopus
425 824 463 858 et
488 835 611 858 servus
636 823 813 868 profugus
840 823 890 857 VI
918 826 972 858 18.

231 871 397 915 Aesopus
423 871 461 905 et
485 870 604 905 victor
628 871 818 915 gymnicus
841 869 890 905 VI
918 875 971 904 11.

229 918 398 962 Aesopus
421 918 621 962 respondet
644 917 793 962 garrulo
816 918 867 952 111
894 921 948 952 19.

231 965 333 999 Anus
359 964 406 999 ad
431 965 648 1010 amphoram
674 964 725 998 III
753 969 782 998 1.

230 1012 332 1046 Anus
352 1011 513 1057 diligens
532 1011 715 1054 iuvenem,
738 1011 828 1045 item
847 1011 973 1056 puella

278 1059 311 1093 II
337 1062 369 1093 2.

230 1106 329 1150 Apes
355 1107 393 1140 et
416 1105 492 1140 fuci
517 1116 631 1150 vespa
655 1105 776 1140 iudice
803 1105 853 1139 Ill
882 1110 935 1140 13.

230 1152 366 1196 Aquila
391 1154 430 1187 et
453 1152 580 1187 comix
608 1153 639 1186 11
665 1156 696 1187 6.

230 1199 375 1244 Aquila,
401 1200 491 1235 feles
517 1202 555 1234 et
579 1210 667 1244 aper
694 1199 724 1233 11
750 1203 781 1233 4.

230 1247 388 1282 Arbores
413 1247 450 1282 in
478 1247 631 1281 deorum
655 1248 773 1281 tutela
800 1246 849 1280 111
876 1250 930 1280 17.

228 1293 362 1328 Asinus
388 1294 436 1329 ad
459 1294 577 1338 lyram
604 1293 653 1328 VI
682 1297 734 1327 12.

229 1340 362 1375 Asinus
387 1341 435 1376 ad
461 1352 585 1376 senem
610 1342 797 1385 pastorem
824 1340 838 1373 1
867 1344 919 1376 15.

228 1388 361 1422 Asinus
386 1388 534 1423 domino
561 1387 754 1422 blandiens
782 1387 847 1421 VII
873 1392 905 1422 3.

228 1434 362 1469 Asinus
389 1437 426 1470 et
449 1435 517 1470 bos
542 1434 611 1469 VH
639 1438 692 1469 18.

227 1481 362 1516 Asinus
388 1484 426 1517 et
450 1481 543 1527 galli
567 1482 617 1515 IV
645 1486 674 1515 1.

227 1529 362 1564 Asinus
388 1531 426 1564 et
450 1529 509 1564 leo
535 1531 711 1563 venantes
738 1528 753 1562 1
781 1533 835 1564 11.

226 1576 360 1611 Asinus
387 1578 425 1611 et
448 1576 631 1621 porcellus
659 1576 692 1609 V
719 1580 750 1610 4.

227 1622 361 1658 Asinus
386 1623 549 1658 inridens
575 1634 708 1667 aprum
732 1622 748 1656 I
774 1625 829 1658 29.

227 1671 367 1706 Auctor
380 1671 413 1705 11
427 1670 537 1715 prol.;
559 1669 662 1715 epil.;
689 1669 791 1714 V123
807 1673 844 1713 53
860 1673 896 1713 ὃς
913 1673 968 1705 31.

228 1718 323 1753 Aves
349 1719 387 1752 et
409 1717 568 1752 hirundo
595 1717 662 1751 VII
689 1721 720 1752 6.

228 1764 362 1800 Calvus
387 1766 425 1800 et
448 1775 576 1799 musca
599 1764 633 1798 V
658 1768 690 1799 3.

228 1811 361 1847 Calvus
393 1814 430 1847 et
461 1811 612 1856 quidam
642 1821 759 1855 aeque
791 1810 876 1856 pilis
908 1811 968 1846 de-

272 1858 391 1894 fectus
417 1859 450 1893 V
476 1863 507 1893 6.

152 1907 156 1911 “
227 1905 360 1941 Caesar
385 1906 432 1941 ad
457 1905 655 1940 atriensem
681 1905 714 1939 II
741 1909 772 1940 5.

227 1952 343 1988 Canes
369 1954 407 1988 et
432 1952 610 1988 corcodili
634 1952 649 1986 Ι
676 1956 731 1987 25.

227 1999 343 2035 Canes
368 1999 530 2035 famelici
555 2000 571 2034 Ι
597 2003 653 2034 20.

226 2046 334 2082 Canis
360 2047 407 2082 ad
431 2058 568 2092 agnum
594 2047 646 2080 III
674 2050 726 2081 15.

227 2094 346 2137 Canis,
373 2107 432 2129 sus
457 2096 496 2129 et
519 2095 673 2129 venator
698 2093 730 2127 V
759 2097 812 2128 10.

226 2141 345 2184 Canis,
372 2141 592 2176 thensaurus
619 2142 656 2175 et
674 2140 856 2175 vulturius
878 2141 891 2174 I
911 2144 965 2174 27.

225 2188 334 2222 Canis
359 2187 478 2223 fidelis
505 2189 520 2222 1
546 2192 602 2222 23.

226 2235 335 2270 Canis
359 2234 568 2280 parturiens
594 2235 608 2269 1
636 2239 691 2269 19.

226 2281 334 2316 Canis
353 2293 418 2327 per
437 2282 574 2317 flumen
593 2293 741 2317 carnem
760 2281 880 2316 ferens
902 2282 914 2315 1
934 2285 963 2315 4.

225 2329 364 2363 Canum
390 2328 503 2374 legati
530 2329 576 2363 ad
602 2329 725 2363 Iovem
752 2329 801 2363 IV
829 2333 881 2363 19.

226 2375 362 2411 Cervus
387 2376 434 2410 ad
458 2375 600 2410 fontem
625 2376 640 2409 1
670 2380 721 2410 12.

225 2422 361 2458 Cervus
387 2424 424 2458 et
447 2423 561 2458 boves
587 2423 620 2457 II
646 2427 678 2457 8.

224 2469 361 2505 Cicada
385 2471 424 2505 et
445 2470 583 2505 noctua
606 2469 658 2504 III
686 2473 738 2504 16.

224 2517 358 2553 Cornix
383 2518 421 2552 et
445 2517 524 2552 ovis
550 2517 599 2551 VI
627 2520 681 2551 24.

225 2564 339 2600 Culex
364 2565 402 2599 et
424 2565 552 2599 taurus
579 2563 646 2598 VII
675 2567 727 2597 19.

225 2613 277 2647 De
303 2611 424 2656 capris
447 2610 613 2646 barbatis
638 2610 688 2644 IV
716 2613 768 2645 17.

223 2659 276 2694 De
301 2658 461 2694 fortunis
485 2657 677 2693 hominum
702 2657 752 2690 IV
781 2662 833 2692 18.

224 2706 276 2741 De
301 2706 407 2740 leone
433 2706 611 2750 regnante
637 2705 687 2739 IV
716 2708 768 2739 14.
808 2730 816 2734 .

223 2753 278 2788 De
302 2753 386 2787 lusu
411 2754 450 2787 et
474 2751 670 2787 severitate
696 2751 747 2785 III
776 2755 828 2786 14.

223 2800 277 2834 De
304 2799 493 2835 Simonide
519 2799 569 2833 IV
596 2803 650 2833 23.

223 2847 277 2882 De
301 2846 402 2882 vitiis
427 2846 619 2881 hominum
645 2845 695 2880 IV
723 2850 775 2880 10.

223 2894 277 2929 De
302 2894 413 2939 vulpe
439 2895 478 2929 et
500 2905 573 2928 uva
598 2893 648 2926 IV
674 2897 704 2927 3.

223 2941 432 2976 Demetrius
445 2952 508 2976 rex
516 2942 553 2975 et
562 2939 761 2975 Menander
770 2940 880 2984 poeta
889 2940 921 2974 V
934 2944 964 2975 1.

1047 495 1129 530 Duo
1154 493 1293 529 milites
1318 495 1356 529 et
1380 495 1477 529 latro
1503 494 1534 527 V
1561 497 1593 528 2.

1047 542 1128 576 Duo
1155 541 1304 577 iuvenes
1330 541 1434 586 proci
1459 540 1562 575 dives
1589 542 1625 575 ct
1650 552 1788 585 pauper

1095 589 1144 622 1Ἰ
1174 593 1225 623 14.

1046 635 1172 679 Equus
1198 638 1235 670 et
1259 646 1348 679 aper
1374 634 1422 669 IV
1450 639 1480 670 4.

1046 683 1171 726 Equus
1198 684 1235 717 et
1260 683 1383 716 asinus
1407 682 1475 715 VII
1501 685 1556 716 20.

1046 729 1170 773 Equus
1195 728 1422 772 quadrigalis
1448 728 1484 762 in
1509 727 1703 772 pistrinum
1726 739 1786 762 ve-

1092 776 1289 810 numdatus
1315 776 1363 809 171
1391 780 1444 810 19.

1045 823 1243 858 Eunuchus
1269 822 1317 857 ad
1340 822 1537 867 inprobum
1562 823 1611 856 111
1643 826 1693 856 11.

1045 871 1099 904 Ex
1125 872 1246 905 sutore
1273 868 1436 904 medicus
1463 870 1477 903 Ι
1506 873 1558 903 14.

1043 917 1152 952 Fiber
1176 917 1227 951 171
1253 921 1309 952 28.

1044 963 1215 999 Formica
1240 966 1277 998 et
1301 975 1428 998 musca
1453 963 1503 997 lV
1530 968 1584 999 25.

1044 1012 1117 1046 Fur
1142 1013 1180 1046 et
1203 1011 1353 1046 lucerna
1379 1010 1429 1044 IV
1456 1014 1510 1044 11.
1526 1009 1541 1021 ⁸

1046 1059 1173 1093 Gallus
1193 1057 1326 1093 lectica
1346 1069 1368 1092 a
1381 1057 1514 1092 felibus
1528 1059 1656 1092 vectus
1666 1056 1714 1091 Vl
1731 1061 1785 1091 16.

1045 1105 1196 1140 Gladius
1223 1107 1260 1140 et
1283 1104 1404 1139 viator
1430 1105 1498 1139 VII
1524 1109 1578 1139 16.

1045 1153 1223 1187 Graculus
1250 1152 1429 1196 superbus
1455 1153 1491 1185 et
1516 1163 1613 1197 pavo
1640 1151 1655 1184 1
1681 1155 1712 1185 3.

1044 1199 1221 1234 Homines
1247 1199 1330 1240 duo,
1356 1199 1513 1233 mendax
1539 1200 1577 1233 et
1602 1209 1722 1241 verax,
1749 1200 1787 1232 et

1092 1246 1189 1281 simii
1214 1246 1262 1280 IV
1291 1251 1350 1287 133
1379 1246 1445 1280 VII
1471 1249 1525 1280 15.

1044 1295 1147 1336 Iuno,
1174 1294 1298 1328 Venus
1325 1295 1363 1328 et
1387 1292 1527 1338 gallina
1551 1293 1600 1326 171
1628 1296 1659 1326 9.

1044 1342 1234 1383 Iuvencus,
1259 1341 1318 1375 leo
1345 1342 1382 1375 et
1406 1340 1603 1385 praedator
1627 1340 1659 1373 11
1689 1344 1718 1373 1.

1042 1387 1178 1423 Lanius
1205 1389 1241 1422 et
1266 1387 1393 1421 simius
1419 1388 1469 1421 111
1495 1391 1527 1421 4.

1042 1435 1117 1470 Leo
1144 1436 1182 1469 et
1205 1446 1286 1469 mus
1313 1435 1380 1468 1711
1407 1439 1438 1468 4.

1042 1482 1116 1517 Leo
1149 1493 1275 1525 senem
1308 1493 1413 1526 aper,
1446 1486 1573 1515 taurus
1599 1482 1637 1516 et
1661 1480 1784 1516 asinus

1041 1576 1203 1621 Lepores
1230 1577 1266 1610 et
1291 1586 1401 1610 ranae
1427 1575 1494 1609 VH
1522 1579 1552 1611 7.

1041 1623 1162 1668 Lepus
1187 1624 1224 1658 et
1247 1622 1428 1657 bubulcus
1454 1623 1503 1655 VI
1529 1626 1584 1657 26.

1041 1670 1165 1715 Lupus
1191 1670 1239 1704 ad
1265 1680 1392 1704 canem
1420 1670 1470 1703 III
1499 1673 1528 1703 7.

1041 1717 1165 1762 Lupus
1191 1719 1228 1752 et
1252 1728 1368 1761 agnus
1395 1716 1409 1749 I
1437 1720 1467 1750 1.

1039 1765 1165 1809 Lupus
1191 1766 1230 1799 et
1252 1764 1354 1809 gruis
1380 1764 1394 1797 I
1420 1766 1452 1797 8.

1040 1812 1163 1856 Lupus
1189 1812 1226 1846 et
1250 1811 1390 1845 haedus
1416 1810 1484 1844 VII
1510 1813 1542 1844 8.

1040 1858 1164 1902 Lupus
1190 1860 1228 1892 et
1252 1857 1372 1902 vulpis
1397 1857 1517 1891 iudice
1545 1856 1652 1892 simio
1684 1858 1699 1891 I
1728 1862 1781 1893 10.

1041 1906 1159 1940 Malas
1186 1916 1264 1940 esse
1291 1903 1440 1939 divitias
1467 1904 1515 1938 IV
1544 1908 1597 1939 12.

1041 1952 1208 1987 Membra
1233 1954 1271 1987 et
1295 1952 1423 1986 venter
1448 1951 1517 1985 VII
1546 1955 1598 1985 14.

1041 1999 1242 2034 Mercurius
1269 2000 1304 2033 et
1331 1999 1424 2033 duae
1449 1997 1622 2034 mulieres
1651 1998 1699 2033 VI
1724 2003 1756 2033 3.

1040 2045 1216 2081 Meretrix
1243 2047 1281 2081 et
1304 2045 1447 2080 iuvenis
1472 2045 1521 2079 VI
1549 2049 1603 2080 27.

1040 2092 1176 2128 Miluus
1202 2094 1397 2138 aegrotans
1424 2091 1491 2126 VII
1516 2097 1548 2128 5.

1039 2140 1176 2175 Miluus
1202 2141 1240 2175 et
1265 2140 1456 2174 columbae
1484 2140 1495 2173 1
1525 2143 1577 2174 31.

1038 2188 1143 2222 Mons
1169 2186 1376 2232 parturiens
1402 2187 1451 2221 IV
1476 2190 1532 2221 24.

1038 2233 1131 2268 Muli
1157 2235 1228 2269 duo
1255 2236 1292 2269 et
1317 2235 1483 2269 vectores
1509 2234 1541 2267 ll
1569 2237 1598 2269 7.

1039 2281 1171 2316 Mulier
1195 2280 1403 2326 parturiens
1429 2281 1443 2314 I
1474 2285 1524 2315 18.

1040 2328 1172 2363 Mulier
1196 2328 1308 2362 vidua
1334 2329 1371 2363 et
1396 2327 1503 2362 miles
1530 2327 1578 2361 171
1608 2332 1659 2361 13.

1039 2375 1167 2411 Musca
1192 2377 1229 2410 et
1253 2375 1354 2427 nffula
1379 2375 1429 2409 ΙΙΙ
1455 2379 1486 2409 6.

1038 2422 1120 2458 Mus
1147 2424 1185 2458 et
1209 2434 1300 2457 rana
1325 2422 1394 2456 VII
1423 2427 1451 2455 1.

1038 2470 1120 2504 Mus
1145 2469 1306 2504 urbanus
1332 2470 1369 2503 et
1394 2467 1550 2502 rusticus
1576 2468 1642 2502 Vll
1670 2472 1702 2502 2.

1038 2517 1198 2552 Mustela
1223 2519 1260 2551 et
1285 2517 1395 2551 homo
1422 2516 1436 2549 l
1463 2519 1517 2549 22.

1039 2565 1133 2599 Oves
1159 2565 1197 2598 et
1220 2563 1298 2608 lupi
1326 2563 1392 2596 VII
1420 2565 1473 2596 12.

1038 2611 1138 2652 Ovis,
1165 2610 1264 2645 canis
1290 2611 1328 2644 ct
1351 2609 1460 2654 lupus
1485 2609 1499 2642 1
1529 2612 1582 2642 19.

1038 2658 1136 2700 Ovis,
1163 2668 1290 2692 cervus
1316 2658 1354 2691 et
1376 2656 1485 2701 lupus
1510 2655 1526 2689 1
1554 2659 1607 2690 16.

1037 2705 1222 2739 Panthera
1247 2706 1285 2738 et
1308 2704 1474 2748 pastores
1499 2702 1550 2736 111
1576 2706 1606 2735 2.

1036 2751 1180 2797 Papilio
1208 2752 1245 2786 et
1268 2761 1382 2795 vespa
1406 2750 1455 2783 VI
1482 2752 1537 2783 29.

1036 2797 1308 2834 Paterfamilias
1335 2797 1372 2832 et
1395 2797 1560 2840 Aesopus
1586 2795 1634 2829 Vl
1663 2800 1716 2830 10.

1037 2846 1167 2880 Passer
1192 2844 1239 2879 ad
1263 2845 1428 2889 leporem
1453 2841 1667 2878 consiliator
1701 2842 1716 2876 1
1743 2849 1774 2876 2⁸.

1037 2893 1168 2927 Pastor
1194 2892 1231 2926 et
1255 2891 1399 2936 capella
1423 2891 1474 2925 VI
1500 2893 1554 2924 22.

1039 2939 1137 2974 Pavo
1152 2938 1199 2972 ad
1213 2939 1389 2973 Iunonem
1409 2937 1453 2973 de
1467 2947 1555 2972 voce
1571 2948 1636 2971 sua
1655 2937 1704 2971 111
1722 2941 1773 2971 18.

1444 2999 1493 3032 8*
