2028 3310
832 202 973 237 LIBER
1002 201 1061 237 IV.
1432 240 1437 244 ,
1670 201 1726 239 »11)

385 310 443 351 Et
475 310 704 365 copiosus?
755 310 838 351 Illa
869 310 1062 351 fraudem
1095 309 1292 350 moliens:

387 381 624 434 Descende,
657 380 809 433 amice,
843 382 966 421 tanta
998 379 1169 421 bonitas
1203 381 1267 420 cst
1300 392 1448 432 aquae,

387 451 599 505 Voluptas
632 452 680 490 ut
713 449 864 490 satiari
896 463 981 490 nou
1013 450 1151 502 possit
1184 464 1289 490 mea.

387 521 559 561 Inmisit
591 535 634 561 sc
667 519 888 560 barbatus.
949 519 1057 559 Tum
1090 519 1316 572 vulpecula
1689 530 1730 559 10

385 591 538 632 Evasit
568 594 716 645 puteo,
749 591 849 631 nixa
880 589 1005 630 celsis
1038 589 1250 643 cornibus,

387 661 649 715 Hircumque
682 660 827 702 clauso
860 660 988 714 liquit
1020 659 1267 700 haerentem
1302 658 1418 699 vado.

930 800 980 842 X.

642 871 733 916 [DE
759 873 930 905 VITIIS
956 871 1261 914 HOMINVM.}

458 943 589 984 Peras
623 942 816 997 inposuit
848 943 1044 996 Iuppiter
1075 942 1199 983 nobis
1233 941 1354 982 duas:

388 1013 579 1067 Propriis
612 1012 822 1066 repletam
856 1013 971 1053 vitiis
1003 1014 1102 1066 post
1132 1014 1302 1065 tergum
1335 1011 1461 1061 dedit,

388 1083 555 1125 Alienis
589 1086 687 1124 ante
718 1085 865 1137 pectus
900 1081 1121 1136 suspendit
1153 1095 1339 1135 gravem.

458 1153 552 1195 Hac
583 1168 627 1195 re
661 1153 801 1194 videre
833 1155 983 1194 nostra
1014 1152 1129 1193 mala
1160 1166 1246 1193 non
1277 1166 1521 1205 possumusg

390 1224 479 1266 Alii
513 1225 638 1266 simul
671 1224 944 1278 delinquunt,
975 1237 1172 1264 censores
1205 1237 1363 1263 sumus.

1713 1233 1733 1262 23

913 1364 986 1405 XI.

681 1434 811 1478 {FVR
837 1436 906 1467 ΕΤ
934 1432 1229 1477 LVCERNA.'1

460 1507 697 1549 Lucernam
730 1506 798 1547 sur
831 1505 1023 1547 accendit
1054 1520 1104 1546 ex
1137 1520 1211 1546 ara
1242 1504 1374 1558 Iovis,

389 1577 624 1632 Ipsumque
656 1576 893 1630 conpilavit
924 1576 976 1617 ad
1009 1576 1153 1616 lumen
1186 1590 1320 1617 suum.

391 1647 581 1689 Onustus
615 1646 841 1700 sacrilegio
875 1661 970 1687 cum
1003 1646 1250 1699 discederet,

390 1718 582 1772 Repente
615 1731 763 1758 vocem
797 1720 943 1758 sancta
975 1717 1092 1758 misit
1124 1717 1316 1771 Religio:

390 1788 602 1829 Malorum
635 1787 827 1842 quamvis
860 1787 945 1829 ista
976 1787 1135 1831 fuerint
1167 1803 1343 1829 munera

390 1858 582 1912 Mihique
614 1859 769 1912 invisa,
802 1861 849 1899 ut
879 1872 966 1900 non
999 1858 1187 1899 offendar
1220 1858 1394 1912 subripi,

391 1929 571 1984 Tamen,
604 1929 800 1982 sceleste,
833 1929 988 1983 spiritu
1021 1929 1190 1983 culpam
1224 1929 1326 1983 lues,

392 1998 507 2040 Olim
541 2013 634 2040 cum
667 1999 907 2053 adscriptus
942 1999 1107 2040 venerit
1138 2013 1300 2053 poenae
1333 1999 1434 2040 (lies.

392 2068 473 2111 Sed
505 2084 557 2110 ne
591 2069 704 2123 ignis
736 2071 884 2111 noster
916 2069 1096 2111 facinori
1129 2069 1387 2123 praeluceat,

392 2143 470 2180 Per
504 2154 628 2194 quem
661 2139 867 2180 verendos
903 2139 1059 2181 excolit
1090 2135 1226 2193 pietas
1260 2140 1374 2194 deos,
1695 2152 1735 2181 10

391 2209 503 2252 Veto
537 2224 629 2251 esse
662 2210 749 2250 tale
784 2209 957 2251 luminis
991 2211 1305 2252 commercium.

391 2280 542 2335 Itaque
575 2280 700 2322 hodie
732 2290 808 2322 n'ec
841 2280 1057 2322 lucernam
1090 2281 1140 2322 de
1173 2281 1344 2322 flamma
1376 2281 1500 2322 deum

391 2351 481 2392 Nec
513 2351 563 2392 de
596 2351 769 2392 lucerna
800 2349 865 2391 fas
899 2352 965 2392 est
997 2350 1166 2392 accendi
1200 2365 1376 2392 sacrum.

465 2421 580 2470 Quot
606 2437 672 2463 res
701 2421 918 2463 contineat
943 2421 1025 2463 hoc
1051 2424 1355 2476 argumentum
1381 2423 1519 2475 utiles,

392 2493 491 2535 Non
525 2492 757 2546 explicabit
789 2492 915 2546 alius,
948 2508 1075 2547 quam
1109 2493 1179 2548 qui
1212 2493 1413 2547 repperit.
1694 2503 1735 2532 15

1714 1798 1733 1827 251

185 2639 226 2668 10
254 2634 441 2679 vulpicula
470 2631 556 2675 PR,
583 2643 673 2666 corr.
696 2643 736 2676 11·
812 2636 853 2666 12
880 2632 1107 2676 hurcumque
1134 2632 1203 2675 Rq.

278 2693 326 2736 X,
354 2697 370 2726 1
401 2691 565 2737 Iuppiter
594 2690 680 2725 PR.
755 2694 775 2725 5
802 2690 996 2734 delinqunt
1019 2691 1065 2726 B.

276 2750 344 2794 XI,
370 2755 390 2784 3
418 2761 475 2785 on.
503 2749 566 2794 qui
593 2760 682 2784 sacr.
714 2749 757 2793 P,
784 2749 819 2783 R
844 2753 884 2784 ut
915 2750 1005 2793 vicl„
1044 2750 1109 2784 del.
1143 2749 1203 2793 qui
1239 2749 1454 2783 Johnsovus.
1541 2761 1652 2792 quum
1689 2749 1735 2785 R.

184 2814 204 2844 4
231 2810 395 2844 sanctam
414 2807 506 2851 PR,
534 2806 661 2843 sancta
682 2819 721 2851 p.
795 2812 814 2841 5
841 2819 991 2843 munere
1022 2808 1109 2851 PR,
1136 2819 1226 2842 corr.
1248 2819 1286 2851 p.
1362 2810 1382 2840 8
1408 2818 1527 2851 poena
1551 2807 1594 2850 P,
1620 2819 1738 2852 paena

183 2867 230 2910 R,
250 2878 390 2911 cor-1:11.
467 2872 509 2901 10
536 2867 710 2902 colendos
736 2867 777 2900 in-
806 2867 841 2900 P
865 2878 935 2901 esse
961 2870 1138 2902 testamur
1168 2866 1266 2901 Pith.
1294 2870 1324 2899 et
1350 2866 1486 2910 Bona,
1512 2870 1618 2910 myas
1643 2867 1689 2901 R.

187 2931 229 2961 12
255 2926 380 2969 itaque
411 2925 497 2960 PR.
549 2925 699 2960 lucerna
729 2925 822 2968 PR,
850 2925 1036 2960 lucernam
1058 2937 1096 2970 22.
1174 2929 1215 2959 14
1243 2925 1339 2968 quod
1369 2924 1461 2968 PR,
1488 2927 1581 2968 quot·
1601 2936 1638 2968 p.

255 2985 382 3010 Phaedri
403 2985 533 3016 fabulae,
553 2985 596 3010 cd.
618 2985 833 3011 11.Mcz1,1,1·:1<,
1435 2988 1455 3017 4
