2028 3310
816 174 959 209 LIBER
984 173 1027 209 V.
1643 174 1698 214 63

429 282 567 324 Huius
599 284 795 335 respectu
826 281 997 323 fabulae
1029 281 1259 323 deterritus

360 352 651 395 Periculosum
684 365 852 405 semper
882 352 1014 393 vitavi
1048 352 1224 393 lucrum.

359 423 439 464 Sed
471 423 605 463 dices:
639 420 709 475 qui
741 435 918 475 rapuere
950 422 1142 475 divitias,
1175 422 1324 464 latent.

358 493 640 534 Numeremus
673 490 872 545 agedum,
904 493 975 545 qui
1008 492 1203 546 deprensi
1235 493 1463 546 perierunt.
1659 505 1700 534 10

357 563 564 604 Maiorem
596 561 767 603 turbam
798 561 1046 615 punitorum
1079 563 1276 615 reperies.

357 633 508 675 Paucis
540 632 761 674 temeritas
795 635 860 674 est
891 632 1021 686 bono,
1053 632 1201 674 multis
1234 633 1359 674 malo.

893 773 946 814 V.

594 843 830 887 [scvRRA
855 845 925 877 ET
952 845 1250 889 Rvsmovs]

426 916 564 958 Pravo
596 915 741 957 favore
773 915 861 956 labi
894 915 1097 957 mortales
1129 917 1270 958 solent

355 987 431 1040 Et,
462 986 722 1041 praeiudicio
755 985 855 1026 dum
889 988 1006 1027 stant
1038 987 1193 1028 erroris
1227 987 1305 1040 sui,

355 1058 423 1098 Ad
454 1057 757 1112 paenitendum
790 1056 916 1098 rebus
949 1057 1190 1098 manifestis
1223 1058 1305 1112 agi.

425 1128 632 1170 Facturus
665 1127 787 1168 ludos
821 1127 992 1181 quidam
1024 1127 1088 1168 dis
1123 1131 1166 1169 et
1196 1128 1356 1169 nobilis

355 1199 582 1254 Proposito
616 1202 790 1241 cunctos
823 1198 1022 1240 invitavit
1053 1199 1257 1252 praemio,
1678 1211 1698 1240 5

355 1271 491 1320 Quam
525 1271 703 1325 quisque
736 1273 883 1324 posset
914 1273 961 1310 ut
993 1269 1231 1310 novitatem
1263 1270 1516 1310 ostenderet.

355 1340 521 1383 Venere
554 1341 741 1382 artifices
775 1340 912 1381 laudis
945 1340 997 1381 ad
1030 1340 1284 1394 certamin-113
1467 1348 1469 1350 '

354 1410 469 1460 Quos
502 1412 614 1452 inter
647 1425 811 1463 scurra,
844 1413 970 1451 notus
1005 1410 1168 1451 urbano
1202 1411 1302 1464 sale,

353 1481 524 1523 Habere
556 1481 664 1522 dixit
697 1495 741 1522 se
775 1494 908 1535 genus
942 1480 1186 1535 spectaculi,

353 1551 475 1601 Quod
508 1551 551 1592 in
583 1551 754 1592 theatro
786 1565 1018 1605 numquam
1050 1551 1267 1604 prolatum
1299 1551 1424 1593 foret.
1657 1564 1698 1594 10

353 1622 584 1676 Dispersus
617 1636 761 1663 rumor
793 1621 1011 1663 civitatem
1044 1621 1244 1663 concitat.

353 1693 487 1734 Paulo
520 1695 618 1735 ante
649 1707 781 1734 vacua
813 1692 985 1734 turbam
1016 1692 1219 1733 deficiunt
1251 1693 1356 1734 loca.

353 1764 402 1804 In
434 1778 585 1806 scaena
616 1777 716 1805 vero
748 1765 978 1817 postquam
1011 1763 1127 1804 solus
1161 1763 1356 1804 constitit

353 1833 453 1876 Sine
486 1834 711 1888 adparatu,
742 1833 873 1875 nullis
907 1833 1185 1886 adiutoribus,

353 1903 581 1947 Silentium
614 1905 709 1959 ipsa
739 1904 843 1946 fecit
875 1905 1126 1959 expectatio.
1655 1917 1696 1946 15

352 1975 432 2017 Ille
464 1976 509 2016 in
541 1975 681 2016 sinum
713 1977 888 2029 repente
920 1975 1092 2016 demisit
1124 1979 1253 2029 caput

351 2046 410 2087 Et
443 2046 501 2087 sic
534 2045 712 2099 porcelli
744 2048 934 2087 vocemst
966 2046 1160 2087 imitatus
1194 2061 1281 2099 sua,

351 2115 510 2158 Verum
544 2119 590 2157 ut
622 2117 797 2157 subesse
828 2116 962 2170 pallio
996 2116 1301 2158 contenderent

350 2187 408 2229 Et
441 2187 581 2228 excuti
613 2186 820 2228 iuberent.
883 2185 976 2235 Quo
1008 2186 1121 2228 facto
1155 2188 1282 2229 simul

349 2257 425 2299 Nil
456 2260 522 2298 est
553 2260 789 2312 repertum,
822 2258 971 2299 multis
1006 2261 1185 2300 onera-nt
1215 2258 1412 2300 laudibus
1651 2271 1694 2300 ao

140 2378 266 2410 7—12
292 2385 357 2410 om.
387 2374 427 2408 Γ.
520 2377 540 2408 8
566 2373 683 2408 vitavi
712 2373 756 2417 P,
791 2373 826 2408 R
852 2377 892 2408 ut
919 2375 988 2408 vid.
1087 2379 1106 2409 9
1139 2374 1238 2410 dices
1264 2375 1410 2419 Heius„
1448 2375 1540 2410 dicis
1567 2375 1644 2410 cdd.

138 2433 258 2468 latent
278 2432 536 2475 IValsefieldus‚
567 2431 708 2466 habent
732 2443 763 2466 v.
856 2437 898 2467 10
925 2432 1112 2478 deprensi]
1136 2433 1359 2478 'deprehensi
1390 2434 1432 2470 1’.
1507 2434 1695 2479 perierunt

140 2491 250 2536 PRy.
327 2495 366 2525 11
396 2491 582 2536 repperies
611 2491 653 2526 P.
723 2495 772 2525 ·12
800 2491 896 2527 bono
922 2494 978 2527 est
1006 2492 1097 2534 PR,
1123 2503 1213 2527 corr.
1235 2504 1274 2536 p.

234 2551 264 2584 V
290 2549 396 2586 inser.
424 2548 461 2584 et
486 2560 551 2584 om.
575 2549 660 2583 PR.
733 2554 833 2585 1—3
860 2561 926 2585 om.
946 2550 985 2584 V.
1062 2555 1079 2584 1
1105 2550 1224 2586 Pravo
1250 2551 1274 2586 f.
1290 2571 1333 2577 -
1355 2551 1431 2586 labi
1453 2551 1486 2585 V
1508 2552 1546 2585 in
1575 2553 1693 2594 inser„

136 2620 251 2654 parvo
278 2609 301 2643 f.
327 2608 404 2643 lavi
433 2608 518 2642 PR.
589 2612 608 2642 2
634 2607 861 2653 praeiudicio
887 2609 1142 2654 Baehrensius,
1169 2621 1235 2654 pro
1261 2609 1398 2645 iudicio
1426 2621 1454 2645 c.
1530 2615 1550 2644 4
1577 2623 1609 2654 q.
1637 2611 1693 2645 dis

138 2669 177 2702 et
200 2679 235 2701 n.
252 2667 310 2710 M,
336 2679 369 2711 q.
397 2665 500 2701 dives
526 2666 661 2701 nobilis
684 2667 779 2710 PR,
807 2666 909 2702 dives
935 2680 968 2713 q.
996 2669 1034 2702 et
1059 2667 1193 2702 nobilis
1211 2668 1249 2703 Γ.
1325 2673 1344 2703 6
1370 2671 1497 2713 posset
1513 2669 1552 2712 Γ,
1578 2668 1693 2714 possit

140 2725 249 2771 PRy.
300 2738 334 2760 n.
360 2725 500 2760 faceret
521 2725 560 2760 V.
636 2729 656 2760 8
683 2736 731 2760 sc.
758 2727 851 2760 unus
873 2726 913 2760 V.
990 2731 1030 2760 11
1059 2728 1237 2761 convocat
1266 2726 1305 2761 Γ.
1377 2731 1418 2761 12
1445 2739 1597 2763 vacuam
1612 2728 1691 2764 PR.

135 2784 247 2820 turba
264 2784 304 2819 V.
368 2788 410 2819 13
438 2796 547 2819 scena
573 2785 652 2820 cdd.
722 2789 765 2819 16
791 2784 940 2820 demisit
960 2785 1001 2828 1⁷,
1028 2785 1169 2819 dimisit
1191 2785 1232 2819 P.
1305 2789 1346 2819 17
1372 2787 1575 2830 porcellum
1602 2799 1692 2823 voce

136 2843 199 2878 im.
225 2845 281 2878 est
304 2854 369 2878 sua
387 2843 426 2878 Γ.
505 2847 547 2877 18
574 2843 813 2879 contenderet
831 2844 957 2888 PRV,
983 2844 1248 2879 contenderent
1273 2855 1477 2888 capre-esum
1503 2857 1560 2890 ap.
1578 2846 1690 2881 Imm.

139 2906 182 2936 19
207 2901 351 2936 iuberet
367 2901 406 2944 Γ,
434 2913 504 2936 ¹non
535 2901 621 2936 PR.
690 2906 734 2936 20
759 2902 811 2936 nil
829 2903 869 2944 Γ,
894 2902 987 2936 nihil
1014 2903 1055 2936 P.
1106 2903 1277 2937 laudibus
1293 2903 1334 2945 Γ,
1360 2903 1527 2938 lancibus
1557 2904 1643 2939 PR.
