2028 3310
280 196 334 237 74
782 200 996 235 PHAEDRI
1009 200 1319 258 ’FABVLARVM

489 297 781 362 Interrogasse
814 308 874 348 sic
907 307 1116 361 gallinam
1148 307 1320 348 dicitur:

489 379 587 432 Dic,
618 379 759 431 sodes,
792 380 953 432 quanto
986 378 1126 432 possis
1160 378 1311 420 satiari
1343 378 1450 419 cibo.
1805 389 1824 418 5

489 449 727 501 Respondit
757 449 851 489 illa:
884 449 1083 503 quioquid
1116 449 1298 502 dederis,
1330 449 1436 490 satis
1469 448 1564 502 erit,

490 519 571 572 Sic,
602 521 652 560 ut
684 519 887 561 concedas
919 519 1097 573 pedibus
1130 519 1290 575 aliquid
1323 518 1526 573 scalpere.

487 589 553 631 Ne
585 589 771 643 scalpas,
802 589 961 644 inquit,
994 590 1099 631 satis
1132 594 1198 632 est
1230 590 1398 632 modius
1429 588 1593 631 tritici?

488 660 635 713 Plane,
666 660 796 701 immo
829 660 1064 714 nimiumst,
1097 660 1169 701 sed
1202 661 1403 715 permitte
1436 659 1637 714 scalpere.

487 730 551 771 Ex
584 732 690 783 toto,
721 730 877 784 nequid
911 731 1096 785 scalpas,
1130 731 1229 785 quid
1262 730 1508 772 desideras?
1785 740 1825 769 10

487 800 596 841 Tum
621 800 800 855 denique
833 801 909 842 illa
941 801 1099 842 fassast
1129 804 1309 843 naturae
1342 801 1518 854 malum3

486 870 607 912 Licet
631 871 1065 925 horreum-patescat,
1090 885 1169 926 ego
1197 871 1385 925 scalpam
1411 873 1568 913 tamen.

486 941 650 982 Risisse
682 941 788 984 Iuno
821 943 975 983 dicitur
1000 941 1181 984 Veneris
1213 942 1340 994 iocos,

489 1012 597 1062 Quia
628 1028 704 1067 per
736 1013 943 1067 gallinam
974 1011 1196 1054 denotavit
1228 1012 1420 1054 feminas.

1026 1155 1075 1196 X.

616 1225 1090 1270 {PATERFAMILIAS
1116 1226 1187 1257 ET
1212 1224 1485 1268 AESOPVS.]

631 1294 840 1340 [Quomodo
866 1293 1051 1329 domanda
1076 1294 1125 1328 sit
1149 1294 1249 1328 ferox
1275 1294 1474 1339 iuventus]

559 1366 878 1408 Paterfamilias
911 1381 1085 1408 saevum
1116 1367 1306 1408 habebat
1340 1367 1485 1408 filium.

487 1438 569 1479 Hic
601 1453 621 1478 e
655 1439 883 1491 conspeetu
918 1451 1012 1478 cum
1044 1437 1178 1498 patris
1211 1439 1457 1491 recesserat,

488 1509 750 1550 Verberibus
784 1523 928 1549 servos
963 1508 1187 1549 adficiebat
1217 1507 1413 1562 plurimis

487 1581 546 1622 Et
579 1580 804 1622 exercebat
835 1579 1042 1621 fervidam
1075 1578 1420 1620 adulescentiam.

486 1651 679 1705 Aesopus
713 1664 814 1705 ergo
846 1653 995 1691 narrat
1026 1649 1108 1690 lloc
1138 1649 1326 1690 breviter
1358 1650 1467 1690 seni:
1806 1661 1826 1690 5

487 1722 668 1770 Quidam
700 1722 878 1762 iuvenco
911 1721 1101 1762 vetulum
1135 1720 1396 1773 adiungebat
1428 1721 1594 1762 bovem.

487 1792 528 1833 Is
563 1785 657 1834 culn
690 1791 907 1846 refugiens
940 1791 1079 1845 inpari
1113 1791 1232 1832 collo.
1256 1791 1404 1846 iugum

488 1862 657 1904 Aetatis
690 1865 910 1904 excusaret
942 1862 1054 1903 vires
1086 1861 1330 1916 languidas:

294 1959 316 1982 0
486 1933 584 1974 Non
618 1936 684 1974 est
715 1933 827 1988 quod
859 1933 1031 1986 timeas,
1063 1932 1205 1987 inquit
1236 1932 1302 1973 illi
1335 1932 1537 1985 rusticus3

479 2004 582 2054 ,Non
612 2007 658 2045 ut
685 2004 855 2045 labores
881 2003 1005 2053 facio,
1032 2003 1104 2044 sed
1130 2006 1178 2044 ut
1203 2003 1335 2044 istum
1362 2002 1520 2056 domes,
1785 2015 1826 2045 10

487 2075 567 2123 Qui
601 2075 712 2116 calce
746 2077 788 2116 ct
821 2084 951 2116 cornu
983 2074 1142 2115 multos
1176 2073 1314 2115 reddit
1345 2073 1518 2115 debiles.

487 2146 545 2187 Et
576 2149 623 2187 tu
655 2146 738 2187 nisi
772 2146 902 2187 istum
934 2148 1074 2186 tecum
1108 2145 1274 2186 assidue
1307 2144 1471 2186 detines

485 2215 705 2270 Feroxque
738 2215 957 2271 ingenium
990 2215 1222 2269 conprimis
1256 2215 1493 2269 elementia,

485 2286 613 2335 Vide,
643 2300 695 2327 ne
729 2285 902 2341 querela
935 2285 1072 2327 maior
1104 2288 1317 2326 accrescat
1349 2285 1511 2327 domus.

555 2357 791 2398 Atrocitati
825 2356 1150 2398 mansuetudost
1183 2356 1427 2398 remedium.
1784 2370 1825 2400 15

273 2575 292 2601 5
321 2580 448 2614 posses
475 2569 515 2612 V,
542 2580 616 2603 ηοη
642 2568 689 2602 Ν.
765 2572 784 2601 9
813 2567 924 2602 immo
945 2567 993 2609 N,
1020 2578 1092 2602 uno
1118 2567 1157 2601 V.
1237 2572 1276 2601 12
1303 2569 1473 2612 patescat
1496 2569 1569 2603 sice
1593 2569 1748 2613 patefiat
1769 2569 1825 2611 M,

274 2627 363 2662 mihi
396 2628 523 2673 pateat
555 2627 604 2666 12-
648 2626 696 2661 mi
730 2627 858 2671 pateat
884 2627 991 2671 prius
1021 2626 1075 2660 M.
1172 2631 1210 2660 13
1243 2625 1343 2661 iocos
1376 2627 1417 2660 N
1431 2627 1467 2661 Γ.
1513 2672 1516 2674 .
1565 2631 1605 2662 14
1632 2627 1826 2663 denotarat

275 2687 399 2721 Burm.

367 2757 415 2800 X,
444 2761 458 2791 1
491 2755 756 2801 paterfamilias
784 2755 869 2790 NV.
956 2760 975 2789 ’.ἒ
1002 2757 1154 2798 sufflasse
1179 2767 1229 2790 ec.
1318 2760 1334 2790 -1
1364 2756 1402 2790 et
1427 2767 1492 2790 om.
1517 2755 1556 2799 Γ,
1585 2767 1653 2790 non
1681 2755 1728 2790 N.

273 2815 560 2851 adolescentiam
587 2816 663 2850 edd.
744 2819 784 2849 10
809 2816 961 2857 sno-lasse
986 2815 1047 2849 sod
1074 2815 1125 2849 uti
1154 2816 1260 2849 stum.
1348 2819 1383 2849 11
1414 2814 1535 2849 reddit
1559 2815 1608 2852 N.
1634 2813 1756 2849 reddis
1787 2814 1823 2848 V.

278 2879 317 2908 12
345 2887 405 2908 s..
434 2876 471 2908 tu
503 2875 549 2911 N,
576 2874 626 2908 siv
654 2876 692 2908 tu
728 2875 833 2910 lmen.
892 2874 1033 2909 detines
1062 2874 1250 2911 cassinus.
1287 2874 1420 2909 sotim-s
1447 2875 1524 2910 cdd.
1603 2878 1642 2909 13
1670 2873 1823 2920 compri-

275 2932 342 2967 mis
371 2932 456 2967 VN.
535 2937 575 2968 14
601 2934 752 2976 fortasse
778 2933 899 2968 domu.
