2028 3310
275 198 331 238 22
780 194 995 230 PHAEDRI
1020 191 1321 227 FABVLARVM

487 305 603 346 Altis
637 304 690 345 ab
724 302 853 344 astris
886 299 1035 342 duram
1066 299 1223 340 inlidat
1255 299 1471 352 corticem,

488 375 581 424 Qua
613 373 861 415 conminuta
891 371 1062 412 facilem
1093 372 1290 411 vescatur
1322 370 1477 411 cibum.

487 445 667 486 Inducta
698 443 839 484 verbis
873 441 1019 496 aquila
1050 440 1226 482 monitis
1258 440 1415 494 paruit,

489 515 624 556 Simul
658 517 700 555 et
731 512 968 567 magistrae
999 511 1121 566 large
1154 510 1303 551 divisit
1335 510 1498 564 dapem.
1786 518 1827 548 15

490 584 560 626 Sic
589 586 686 626 tuta
719 597 826 638 quae
858 585 1036 623 naturae
1067 581 1208 622 fuerat
1238 595 1425 634 munere,

490 654 620 709 Inpar
651 653 815 695 duabus
848 652 1002 695 occidit
1033 651 1152 693 tristi
1183 665 1298 692 nece.

1003 791 1100 833 VII.

681 862 843 907 [MVLI
869 863 981 896 Dvo
1007 863 1077 895 ΕΤ
1104 860 1424 905 RAPTOREs.]

563 934 671 976 Muli
703 934 873 988 gravati
905 933 1083 974 sarcinis
1115 933 1237 974 ibant
1268 932 1367 974 duo:

491 1005 614 1046 Vnus
645 1005 813 1046 ferebat
843 1005 968 1045 fiscos
1001 1018 1097 1045 cum
1129 1003 1320 1057 pecunia,

491 1075 615 1117 Alter
645 1077 858 1116 tumentes
890 1074 1027 1115 multo
1061 1088 1207 1115 saccos
1239 1074 1412 1116 hordeo.

492 1146 573 1187 Ille
606 1161 732 1188 onere
764 1146 799 1187 it
830 1133 946 1186 dives
980 1144 1093 1185 celsa
1125 1145 1287 1186 cervice
1320 1145 1509 1186 eminens

494 1215 753 1270 Clarumque
786 1215 897 1257 collo
930 1215 1094 1256 iactans
1127 1214 1478 1267 tintinnabulum,
1817 1222 1836 1252 5

495 1286 646 1328 Comes
681 1287 823 1341 quieto
857 1285 1049 1340 sequitur
1081 1288 1124 1326 et
1154 1285 1325 1339 placido
1359 1284 1506 1339 gradu.

495 1357 645 1399 Subito
677 1357 866 1398 latrones
901 1371 950 1397 ex
981 1355 1149 1397 insidiis
1182 1355 1386 1397 advolant

494 1428 693 1483 Interque
726 1427 898 1469 caedem
930 1427 1043 1468 ferro
1076 1427 1239 1468 mulum
1271 1426 1540 1479 incursitant,

495 1498 716 1552 Diripiunt
746 1512 956 1552 nummos,
987 1497 1218 1552 neclegunt
1249 1496 1335 1538 vile
1366 1496 1586 1537 hordeum.

498 1569 714 1623 Spoliatus
747 1569 882 1623 igitur
914 1582 1036 1610 casus
1069 1582 1165 1621 cum
1196 1567 1317 1608 fieret
1348 1581 1466 1608 suos:
1798 1577 1840 1606 10

496 1639 720 1694 Equidem,
751 1639 892 1693 inquit
923 1639 1042 1691 alter,
1074 1653 1141 1679 me
1174 1640 1464 1692 contemptum
1496 1637 1680 1692 gautleog

498 1710 612 1752 Nam
643 1710 704 1751 nil
737 1710 861 1752 amisi
892 1724 970 1750 nec
1001 1723 1095 1750 sum
1128 1709 1269 1750 laesus
1301 1708 1489 1749 vulnere.

570 1779 663 1822 Hoc
697 1782 948 1834 argumento
982 1782 1119 1821 tutast
1150 1779 1372 1821 hominum
1403 1778 1606 1831 tenuita33

498 1851 680 1904 Magnae
710 1850 870 1904 periclo
903 1853 1001 1892 sunt
1033 1865 1134 1904 opes
1168 1849 1390 1891 obnoxiae.

784 1991 1041 2106 [013ng
1045 1991 1122 2094 IEI'}
1141 2061 1348 2105 BOVES.]

573 2132 734 2174 Cervus
766 2132 1004 2174 nemorosis
1038 2132 1246 2174 exeitatus
1279 2132 1490 2186 latibulis,

503 2203 562 2244 Vt
591 2206 843 2245 venatorum
874 2203 1042 2257 fugeret
1073 2202 1306 2244 instantem
1337 2216 1496 2256 necem,

293 2395 335 2425 12
363 2390 448 2425 altis
475 2400 540 2425 om.
569 2389 619 2431 V‚·
653 2390 745 2424 idem
765 2392 849 2433 post
874 2388 997 2423 illidat
1023 2389 1100 2433 (sic)
1128 2389 1211 2424 add.
1238 2391 1364 2423 movet
1389 2390 1528 2432 (monet
1546 2389 1616 2433 N).
1687 2393 1729 2424 13
1756 2388 1845 2424 faci-

293 2450 364 2484 lem
396 2470 433 2474 —
463 2448 585 2483 cibum
614 2448 671 2490 M,
696 2448 806 2482 facile
832 2469 878 2473 —-
905 2447 986 2482 cibo
1014 2448 1092 2482 cdd.
1169 2451 1212 2482 14
1238 2447 1399 2482 monitus
1427 2447 1467 2482 V.
1543 2452 1585 2481 15
1613 2449 1651 2483 et
1676 2459 1741 2483 om.
1760 2447 1845 2484 VN.

293 2507 435 2542 dimisit
468 2507 547 2541 VN.
600 2511 642 2541 16
668 2508 760 2550 tota,
786 2508 846 2542 sed
869 2507 993 2541 statim
1019 2517 1109 2541 corr.
1134 2506 1176 2540 1’.
1227 2506 1349 2541 fuerat
1374 2508 1528 2542 naturae
1563 2507 1602 2541 1⁷.

388 2567 455 2601 VII
484 2567 590 2601 inser.
617 2568 655 2601 ct
680 2568 844 2601 vectores
868 2565 953 2600 PR.
1016 2570 1035 2599 ‘2
1058 2565 1237 2609 peccunia
1255 2566 1296 2599 1¹.
1356 2569 1375 2599 3
1403 2565 1538 2600 multos
1552 2565 1600 2600 N.
1651 2569 1672 2599 4
1698 2564 1728 2599 it
1747 2565 1848 2600 dives

294 2628 346 2661 rel
371 2626 427 2660 dis
453 2625 484 2660 it
511 2626 568 2667 M,
594 2624 696 2659 dives
713 2625 844 2659 PRN.
901 2624 1038 2659 eminet
1062 2624 1111 2658 N.
1192 2629 1211 2657 5
1239 2624 1353 2659 iactat
1379 2625 1480 2659 idem.
1556 2628 1574 2658 7
1602 2623 1764 2659 latrones
1791 2632 1860 2659 sti-¹

294 2686 372 2720 bito
388 2685 436 2720 N.
498 2689 518 2719 8
546 2684 768 2719 incursitant
787 2684 933 2721 Hem-su,
958 2683 1146 2718 trucidant
1166 2684 1413 2727 (praecedente
1431 2685 1482 2725 111)
1499 2683 1592 2725 PR,
1618 2683 1787 2718 sauciant
1800 2683 1848 2720 N.

295 2749 315 2778 9
343 2756 408 2779 nec
435 2744 563 2788 legunt
591 2743 643 2786 P,
676 2743 880 2788 neglegunt
905 2742 957 2786 R,
983 2741 1179 2786 negligunt.
1204 2742 1252 2777 N.
1328 2747 1366 2776 11
1397 2742 1660 2785 cont-eutuml',
1687 2745 1849 2777 contem-

295 2806 372 2837 111111
395 2803 446 2845 11¹,
471 2807 502 2837 ct
530 2803 581 2837 ita
607 2814 706 2847 empr.
727 2814 784 2847 ap.
802 2802 962 2837 Jmmcll.
1032 2806 1074 2835 12
1102 2812 1185 2835 nam
1207 2801 1257 2835 niI
1283 2801 1327 2843 1²,
1353 2800 1450 2845 quod
1470 2800 1625 2835 nihilN.
1675 2813 1742 2836 nee
1769 2813 1848 2836 sum

296 2874 423 2908 pas-sus
449 2863 602 2897 vulnera
628 2863 677 2896 N.
748 2867 800 2905 13,
823 2866 865 2896 14
892 2873 957 2896 om.
977 2861 1065 2895 haut
1092 2861 1199 2895 dubie
1221 2861 1298 2895 VN.
1365 2864 1407 2895 14
1433 2860 1597 2905 periculo
1627 2860 1671 2897 1¹.
1696 2871 1787 2895 corr.
1812 2873 1848 2905 p.

392 2921 474 2955 VIII
503 2922 608 2955 inser.
630 2921 677 2955 ad
695 2921 780 2955 1¹13.
847 2926 860 2955 1
891 2931 1080 2955 nemorum
1097 2919 1294 2963 exagitatis
1311 2919 1351 2962 Γ,
1372 2930 1560 2954 nemorum
1577 2918 1786 2965 exagitatus
1799 2919 1849 2954 N.
