2028 3310
845 205 995 240 INDEX
1022 206 1047 240 1.
1636 208 1650 245 1
1671 208 1716 246 13))

382 314 474 349 Cum
499 324 624 348 servus
650 323 807 356 nequam
832 311 975 346 Socrati
1001 311 1238 346 malediceret
1263 310 1311 344 VI
1338 314 1394 344 25.

382 360 472 395 Cum
498 360 588 395 victi
613 371 734 394 mures
760 359 999 393 mustelarum
1026 357 1189 393 exercitu
1216 357 1264 392 IV
1292 362 1322 392 G.

383 407 500 443 Cursu
524 407 665 441 volucri
689 405 850 450 pendens
874 405 914 439 in
938 405 1120 439 novacula
1144 404 1178 437 V
1203 409 1234 440 8.

382 453 601 497 Demetrius,
626 453 689 497 qui
715 452 836 486 dictus
862 453 919 486 est
943 452 1143 486 Phalereus
1171 451 1202 484 V
1230 455 1259 487 1.

382 501 464 536 Duo
490 512 573 535 cum
597 498 813 534 incidissent
837 497 875 532 in
900 498 1081 532 latronem
1106 498 1244 533 milites
1269 498 1302 531 V
1328 501 1359 531 2.

381 548 527 592 Equum
553 557 594 582 ec
618 545 799 597 quadriga
823 544 950 578 multis
974 544 1109 589 palmis
1134 545 1296 579 nobilem
1322 544 1373 579 VI
1401 549 1454 580 19.

382 595 528 638 Equum
553 592 711 637 rogabat
735 591 860 626 asinus
885 591 1106 635 particulam
1133 591 1262 626 hordei
1286 591 1354 625 VII
1380 595 1435 626 20.

383 642 507 685 Equus
532 639 659 674 sedare
686 638 815 673 solitus
841 649 912 682 quo
938 638 1059 672 fuerat
1083 638 1184 672 sitim
1210 638 1259 671 IV
1286 643 1318 672 4.

382 688 448 721 Est
471 686 702 721 ardalionum
727 685 909 729 quaedam
935 685 1075 719 Romae
1100 684 1201 719 natio
1229 685 1305 718 115

382 734 580 769 Eunuchus
605 733 781 777 litigabat
806 744 887 766 cum
913 732 1073 776 quodam
1098 731 1255 776 inprobo
1281 732 1331 766 III
1358 737 1412 766 11.

379 780 569 826 Exemplis
596 779 805 815 continetur
829 778 966 831 Aesopi
992 789 1106 823 genus
1132 779 1165 812 Il
1190 779 1283 823 prol.

378 827 490 862 Fame
517 829 645 862 coacta
669 827 798 872 vulpes
823 826 901 861 alta
925 826 964 859 in
989 825 1097 860 vinea
1121 825 1171 859 IV
1197 829 1230 859 3.

378 875 483 909 Feles
508 874 671 910 habebat
695 873 817 918 gallus
843 872 1049 908 lecticarios
1074 872 1125 906 VI
1153 876 1204 907 16.

378 921 582 956 Fraudator
606 921 775 956 homines
800 931 884 955 cum
909 921 1019 955 vocat
1044 930 1220 964 sponsum
1244 918 1419 963 inprobos
1446 920 1460 953 l
1491 926 1542 957 16.

378 967 552 1002 Gladium
577 968 699 1003 viator
723 967 847 1002 media
871 967 1076 1012 proiectum
1103 966 1164 1000 via
1191 965 1259 1000 VH
1287 971 1339 1001 16.

378 1015 526 1050 Habent
550 1015 704 1050 insidias
729 1014 890 1049 hominis
914 1013 1117 1048 blanditiae
1143 1013 1233 1047 mali
1257 1013 1273 1047 Ι
1301 1017 1355 1048 19.

377 1062 478 1096 Haec
503 1073 561 1096 res
585 1062 708 1096 avaris
734 1072 812 1096 esse
839 1061 1058 1096 conveniens
1085 1061 1208 1104 potest
1231 1061 1248 1094 Ι
1273 1064 1328 1095 27.

376 1109 455 1143 Hoc
481 1109 787 1152 qualecumquest
812 1107 918 1142 Musa
943 1107 1042 1151 quod
1065 1107 1161 1141 ludit
1185 1118 1268 1141 mea
1293 1106 1343 1141 VI
1369 1108 1454 1151 epil.

377 1155 496 1190 Homo
523 1155 654 1190 doctus
678 1155 718 1189 in
744 1167 781 1189 se
808 1165 953 1199 semper
978 1154 1127 1188 divitias
1153 1154 1267 1188 habet
1290 1154 1340 1188 IV
1367 1158 1422 1188 23.

377 1202 496 1237 Homo
523 1203 561 1236 in
585 1202 767 1247 periclum
793 1203 903 1236 simul
928 1213 970 1236 ac
998 1201 1100 1236 venit
1126 1200 1282 1235 callidus
1308 1201 1357 1235 IV
1384 1205 1416 1235 9.

377 1249 609 1285 Humanitati
635 1249 697 1293 qui
723 1260 761 1284 se
786 1260 861 1283 non
887 1248 1141 1283 accommodat
1165 1248 1216 1282 ΠΙ
1246 1252 1299 1284 16.

377 1296 544 1330 Humiles
570 1296 751 1336 laborant,
777 1295 841 1330 ubi
865 1297 1036 1340 potentes
1062 1294 1241 1329 dissident
1266 1295 1281 1328 I
1307 1299 1362 1330 30.

377 1343 418 1377 In
444 1343 595 1378 civitate
622 1343 769 1387 quando
795 1344 920 1388 partes
946 1342 1125 1377 dissident
1151 1342 1217 1376 VII
1246 1347 1298 1376 14.

378 1390 418 1424 In
442 1392 662 1435 paupertate
689 1390 812 1435 potius
837 1392 958 1424 tutum
985 1389 1118 1434 degere
1143 1389 1213 1423 VII
1238 1393 1269 1423 2

378 1438 418 1471 111
443 1437 654 1482 principatu
681 1436 941 1472 commutando
969 1436 1115 1481 saepius
1142 1436 1157 1469 I
1186 1440 1238 1470 15.

377 1484 419 1518 In
444 1484 660 1528 sterquilino
686 1484 810 1529 pullus
835 1483 1057 1528 gallinacius
1083 1483 1134 1517 111
1161 1487 1215 1518 12.

376 1531 485 1575 Inops
511 1532 701 1575 potentem
728 1531 815 1564 dum
840 1531 921 1564 vult
945 1530 1086 1564 imitari
1110 1530 1209 1574 perit
1232 1530 1247 1564 I
1273 1534 1328 1565 24.

375 1577 474 1612 Inter
499 1577 662 1622 capellas
689 1588 785 1623 agno
812 1577 956 1622 palanti
981 1577 1081 1612 canis
1106 1577 1158 1611 111
1185 1582 1240 1612 15.

374 1624 520 1659 Invenit
545 1624 671 1659 calvus
696 1624 791 1659 forte
817 1624 856 1659 in
879 1624 990 1659 trivio
1020 1623 1204 1669 pectinem
1233 1624 1264 1658 V
1292 1629 1321 1659 6,

375 1671 541 1706 Ioculare
565 1671 636 1706 tibi
661 1671 818 1714 videtur,
845 1673 883 1706 et
907 1682 994 1706 sane
1019 1670 1093 1705 levi
1121 1671 1171 1704 IV
1197 1675 1228 1705 2.

377 1718 479 1753 Ixion
504 1718 602 1763 quod
627 1718 766 1753 versari
791 1719 962 1753 narratur
987 1720 1071 1753 rota
1096 1718 1146 1752 VI
1171 1723 1203 1753 5.

375 1765 574 1800 Laceratus
600 1765 753 1810 quidam
778 1776 902 1800 morsu
927 1765 1090 1800 vementi
1116 1765 1217 1799 canis
1242 1765 1275 1799 II
1301 1770 1334 1800 3.

375 1812 553 1847 Laudatis
578 1812 739 1854 utiliora,
766 1823 859 1856 quae
887 1812 1150 1857 contempseris
1176 1813 1192 1846 Ι
1219 1816 1273 1846 12.

376 1859 497 1894 Leone
524 1859 729 1894 dormiente
755 1871 877 1894 mures
902 1859 1032 1893 rustici
1058 1859 1125 1893 VII
1151 1863 1181 1894 4.

377 1906 581 1940 Lucernam
606 1906 666 1940 fur
690 1906 860 1941 accendit
884 1918 927 1940 ex
952 1917 1017 1940 ara
1043 1906 1139 1940 Iovis
1166 1905 1214 1939 IV
1244 1911 1298 1940 11.

376 1953 570 1988 Lusciniae
595 1953 642 1988 ad
666 1953 795 1987 nidum
821 1953 915 1988 forte
941 1955 1114 1997 acceptor
1140 1953 1226 1987 dum
1251 1953 1356 1988 sedet
1381 1954 1447 1988 Vll
1477 1960 1529 1988 11.

375 2000 502 2046 Magni
527 2000 682 2045 Pompei
706 2000 813 2035 miles
839 2000 934 2034 vasti
960 2000 1124 2044 corporis
1151 2000 1200 2034 VI
1225 2003 1257 2034 8.

376 2047 497 2082 Malus
523 2059 606 2082 cum
633 2049 735 2082 sutor
760 2047 888 2091 inopia
913 2046 1124 2092 deperditus
1151 2047 1166 2081 I
1195 2051 1249 2082 14.

375 2094 598 2129 Mercurium
622 2094 786 2139 hospitio
812 2093 984 2128 mulieres
1011 2093 1101 2128 olim
1128 2093 1221 2129 duae
1248 2093 1298 2128 Vl
1324 2099 1355 2129 3.

375 2141 480 2176 Mons
505 2141 714 2186 parturibat
738 2141 899 2186 gemitus
924 2141 1090 2175 inmanes
1116 2141 1215 2175 ciens
1241 2141 1290 2175 IV
1317 2145 1372 2178 24.

375 2187 644 2223 Mordaciorem
670 2188 734 2233 qui
759 2188 914 2233 inprobo
941 2187 1050 2223 dente
1076 2188 1221 2233 adpetit
1246 2189 1295 2222 IV
1322 2192 1352 2224 8

374 2234 467 2269 Μ1111
491 2235 637 2280 gravati
663 2235 816 2270 sarcinis
839 2235 947 2269 ibant
972 2235 1044 2270 duo
1071 2235 1104 2269 II
1131 2240 1160 2269 7.

374 2282 512 2318 Multos
537 2294 620 2317 cum
645 2293 789 2317 menses
815 2284 1044 2327 aegrotasset
1068 2282 1204 2317 miluus
1229 2282 1298 2317 VH
1323 2288 1355 2318 5.

374 2328 502 2364 Musca
525 2329 565 2363 in
589 2332 735 2364 temone
761 2329 858 2364 sedit
882 2334 920 2364 et
945 2329 1083 2364 mulam
1109 2329 1304 2375 increpans
1330 2331 1380 2365 III
1407 2335 1437 2366 6.

375 2375 456 2410 Mus
480 2386 551 2419 quo
576 2377 732 2411 transire
758 2378 885 2421 posset
909 2376 1045 2411 flumen
1070 2376 1215 2411 facilius
1241 2377 1308 2412 VII
1336 2382 1365 2412 1.

375 2421 535 2457 Mustela
559 2423 606 2457 ab
630 2423 780 2458 homine
807 2434 938 2468 prensa
963 2434 1046 2462 cum
1070 2423 1272 2459 instantem
1298 2435 1425 2460 necem
1453 2426 1467 2459 I
1494 2430 1548 2461 22.

375 2469 556 2504 Naturam
579 2470 726 2514 turpem
750 2470 854 2505 nulla
877 2471 1027 2506 fortuna
1052 2471 1198 2516 obtegit
1225 2472 1290 2505 VII
1319 2476 1370 2506 17.

375 2515 431 2550 Ne
457 2515 610 2561 gloriari
635 2516 751 2551 libeat
774 2517 905 2552 alienis
929 2517 1036 2552 bonis
1062 2518 1078 2552 I
1104 2522 1136 2552 3.

374 2562 492 2598 Nemo
520 2562 678 2597 libenter
702 2564 833 2599 recolit
857 2565 922 2608 qui
946 2564 1057 2599 laesit
1080 2565 1202 2600 locum
1229 2566 1244 2599 Ι
1273 2570 1325 2600 18.

375 2609 438 2644 Nil
464 2621 573 2655 agere
599 2609 699 2654 quod
722 2621 796 2645 non
819 2611 938 2656 prosit
962 2611 1100 2646 fabella
1123 2612 1264 2647 indicat
1289 2613 1339 2646 IV
1365 2618 1420 2647 25.

375 2656 478 2691 Nulli
502 2656 726 2691 nocendum:
753 2657 867 2702 siquis
893 2669 979 2693 vero
1004 2658 1155 2693 laeserit
1180 2659 1194 2693 Ι
1222 2663 1277 2693 26.

376 2704 584 2748 Nuquamst
608 2703 726 2738 fidelis
753 2716 835 2738 cum
861 2705 1005 2749 potenti
1032 2705 1189 2740 societas
1217 2707 1230 2739 Ι
1258 2710 1288 2740 5.

375 2751 511 2786 Odiosa
537 2751 663 2786 cornix
689 2762 799 2795 super
823 2762 930 2786 ovem
954 2752 1170 2786 consederat
1197 2753 1245 2786 Vl
1272 2757 1327 2787 24.

375 2797 474 2832 Olim
500 2797 740 2832 Prometheus
766 2798 904 2832 saeculi
928 2798 1062 2843 figulus
1089 2799 1176 2834 novi
1205 2800 1251 2833 Vl
1280 2805 1311 2834 4.

375 2844 473 2879 Olim
499 2856 589 2889 quas
615 2844 755 2879 vellent
780 2856 858 2879 esse
883 2845 922 2879 in
946 2846 1066 2880 tutela
1092 2857 1157 2880 sua
1184 2846 1234 2881 Ill
1264 2852 1315 2882 17.

375 2892 472 2937 Opes
496 2892 637 2926 invisae
664 2891 796 2926 merito
821 2895 907 2926 sunt
931 2892 1017 2927 forti
1045 2893 1124 2926 viro
1152 2894 1198 2927 IV
1229 2900 1281 2928 12.

374 2939 470 2974 Oves
496 2938 646 2983 lupique
672 2950 754 2973 cum
781 2940 981 2974 certassent
1006 2939 1148 2984 proelio
1176 2940 1239 2974 Vll
1271 2946 1322 2976 12.

234 2997 361 3024 Phaedri
382 2998 511 3030 fabulae,
531 2998 574 3024 ed.
594 2998 626 3023 L.
642 2998 810 3024 Mettum,
1409 3006 1429 3036 g
