<?xml version="1.0" encoding="UTF-8"?>
<!DOCTYPE html PUBLIC "-//W3C//DTD XHTML 1.0 Transitional//EN"
    "http://www.w3.org/TR/xhtml1/DTD/xhtml1-transitional.dtd">
<html xmlns="http://www.w3.org/1999/xhtml" xml:lang="en" lang="en">
 <head>
  <title>
</title>
<meta http-equiv="Content-Type" content="text/html;charset=utf-8" />
  <meta name='ocr-system' content='tesseract 3.04.00' />
  <meta name='ocr-capabilities' content='ocr_page ocr_carea ocr_par ocr_line ocrx_word'/>
</head>
<body>
  <div class='ocr_page' id='page_1' title='image "./fabularumaesopia00phaeuoft_0066.png"; bbox 0 0 2028 3310; ppageno 0'>
   <div class='ocr_carea' id='block_1_1' title="bbox 319 195 1361 240">
    <p class='ocr_par' dir='ltr' id='par_1_1' title="bbox 319 195 1361 240">
     <span class='ocr_line' id='line_1_1' title="bbox 319 195 1361 240; baseline -0.007 -2"><span class='ocrx_word' id='word_1_1' title='bbox 319 198 377 240; x_wconf 79' lang='grc'>20</span> <span class='ocrx_word' id='word_1_2' title='bbox 820 198 1035 233; x_wconf 88' lang='lat' dir='ltr'><strong>PHAEDRI</strong></span> <span class='ocrx_word' id='word_1_3' title='bbox 1059 195 1361 232; x_wconf 84' lang='lat' dir='ltr'><strong>FABV&#39;LARVM</strong></span> 
     </span>
    </p>
   </div>
   <div class='ocr_carea' id='block_1_2' title="bbox 530 305 1877 2454">
    <p class='ocr_par' dir='ltr' id='par_1_2' title="bbox 530 305 1872 1065">
     <span class='ocr_line' id='line_1_2' title="bbox 530 305 1689 359; baseline -0.003 -12"><span class='ocrx_word' id='word_1_4' title='bbox 530 305 662 359; x_wconf 85' lang='lat' dir='ltr'>Nam,</span> <span class='ocrx_word' id='word_1_5' title='bbox 695 305 820 347; x_wconf 90' lang='lat' dir='ltr'>simul</span> <span class='ocrx_word' id='word_1_6' title='bbox 854 305 1006 347; x_wconf 82' lang='lat' dir='ltr'>exieris</span> <span class='ocrx_word' id='word_1_7' title='bbox 1038 307 1210 359; x_wconf 88' lang='lat' dir='ltr'>pastum</span> <span class='ocrx_word' id='word_1_8' title='bbox 1243 318 1338 346; x_wconf 87' lang='lat' dir='ltr'>cum</span> <span class='ocrx_word' id='word_1_9' title='bbox 1366 305 1514 344; x_wconf 88' lang='lat' dir='ltr'>tenero</span> <span class='ocrx_word' id='word_1_10' title='bbox 1546 314 1689 356; x_wconf 81' lang='lat' dir='ltr'>grege,</span> 
     </span>
     <span class='ocr_line' id='line_1_3' title="bbox 530 373 1870 430; baseline -0.003 -14"><span class='ocrx_word' id='word_1_11' title='bbox 530 375 736 430; x_wconf 87' lang='lat' dir='ltr'>Aquilast</span> <span class='ocrx_word' id='word_1_12' title='bbox 767 378 921 428; x_wconf 88' lang='lat' dir='ltr'>parata</span> <span class='ocrx_word' id='word_1_13' title='bbox 952 389 1103 429; x_wconf 87' lang='lat' dir='ltr'>rapere</span> <span class='ocrx_word' id='word_1_14' title='bbox 1135 375 1346 429; x_wconf 86' lang='lat' dir='ltr'>porcellos</span> <span class='ocrx_word' id='word_1_15' title='bbox 1377 373 1472 414; x_wconf 87' lang='lat' dir='ltr'>tibi.</span> <span class='ocrx_word' id='word_1_16' title='bbox 1829 382 1870 412; x_wconf 84' lang='lat'>15</span> 
     </span>
     <span class='ocr_line' id='line_1_4' title="bbox 530 443 1753 500; baseline -0.002 -15"><span class='ocrx_word' id='word_1_17' title='bbox 530 444 656 486; x_wconf 90' lang='lat' dir='ltr'>Hunc</span> <span class='ocrx_word' id='word_1_18' title='bbox 689 460 856 499; x_wconf 89' lang='lat' dir='ltr'>quoque</span> <span class='ocrx_word' id='word_1_19' title='bbox 887 446 1044 487; x_wconf 89' lang='lat' dir='ltr'>timore</span> <span class='ocrx_word' id='word_1_20' title='bbox 1076 449 1307 500; x_wconf 77' lang='lat' dir='ltr'>postquam</span> <span class='ocrx_word' id='word_1_21' title='bbox 1340 444 1572 498; x_wconf 80' lang='lat' dir='ltr'>complevit</span> <span class='ocrx_word' id='word_1_22' title='bbox 1602 443 1753 495; x_wconf 80' lang='lat' dir='ltr'>locum,</span> 
     </span>
     <span class='ocr_line' id='line_1_5' title="bbox 531 515 1317 558; baseline 0.003 -2"><span class='ocrx_word' id='word_1_23' title='bbox 531 515 695 557; x_wconf 83' lang='lat' dir='ltr'>Dolosa</span> <span class='ocrx_word' id='word_1_24' title='bbox 725 519 821 558; x_wconf 91' lang='lat' dir='ltr'>tuto</span> <span class='ocrx_word' id='word_1_25' title='bbox 855 517 1045 558; x_wconf 77' lang='lat' dir='ltr'>condidit</span> <span class='ocrx_word' id='word_1_26' title='bbox 1077 531 1170 558; x_wconf 89' lang='lat' dir='ltr'>sese</span> <span class='ocrx_word' id='word_1_27' title='bbox 1202 531 1317 558; x_wconf 89' lang='lat' dir='ltr'>cavo.</span> 
     </span>
     <span class='ocr_line' id='line_1_6' title="bbox 530 585 1398 641; baseline 0.002 -15"><span class='ocrx_word' id='word_1_28' title='bbox 530 585 634 626; x_wconf 91' lang='lat' dir='ltr'>Inde</span> <span class='ocrx_word' id='word_1_29' title='bbox 667 589 851 641; x_wconf 83' lang='lat' dir='ltr'>evagata</span> <span class='ocrx_word' id='word_1_30' title='bbox 881 589 1012 628; x_wconf 89' lang='lat' dir='ltr'>noctu</span> <span class='ocrx_word' id='word_1_31' title='bbox 1045 601 1250 641; x_wconf 89' lang='lat' dir='ltr'>suspenso</span> <span class='ocrx_word' id='word_1_32' title='bbox 1281 586 1398 640; x_wconf 87' lang='lat' dir='ltr'>pede,</span> 
     </span>
     <span class='ocr_line' id='line_1_7' title="bbox 530 655 1474 711; baseline 0 -15"><span class='ocrx_word' id='word_1_33' title='bbox 530 655 616 696; x_wconf 90' lang='lat' dir='ltr'>Vbi</span> <span class='ocrx_word' id='word_1_34' title='bbox 650 670 745 697; x_wconf 87' lang='lat' dir='ltr'>esca</span> <span class='ocrx_word' id='word_1_35' title='bbox 778 671 822 698; x_wconf 93' lang='lat' dir='ltr'>se</span> <span class='ocrx_word' id='word_1_36' title='bbox 853 657 1036 711; x_wconf 86' lang='lat' dir='ltr'>replevit</span> <span class='ocrx_word' id='word_1_37' title='bbox 1067 660 1111 698; x_wconf 90' lang='lat' dir='ltr'>et</span> <span class='ocrx_word' id='word_1_38' title='bbox 1141 657 1308 711; x_wconf 92' lang='lat' dir='ltr'>prolem</span> <span class='ocrx_word' id='word_1_39' title='bbox 1340 670 1474 709; x_wconf 80' lang='lat' dir='ltr'>suam,</span> 
     </span>
     <span class='ocr_line' id='line_1_8' title="bbox 531 725 1872 781; baseline -0.001 -15"><span class='ocrx_word' id='word_1_40' title='bbox 531 725 740 768; x_wconf 81' lang='lat' dir='ltr'>Pavorem</span> <span class='ocrx_word' id='word_1_41' title='bbox 772 727 978 768; x_wconf 83' lang='lat' dir='ltr'><strong>simulans</strong></span> <span class='ocrx_word' id='word_1_42' title='bbox 1011 727 1220 781; x_wconf 72' lang='lat' dir='ltr'>prospicit</span> <span class='ocrx_word' id='word_1_43' title='bbox 1251 729 1345 768; x_wconf 88' lang='lat' dir='ltr'>toto</span> <span class='ocrx_word' id='word_1_44' title='bbox 1379 726 1457 767; x_wconf 88' lang='lat' dir='ltr'>die.</span> <span class='ocrx_word' id='word_1_45' title='bbox 1828 734 1872 764; x_wconf 78' lang='lat'>20</span> 
     </span>
     <span class='ocr_line' id='line_1_9' title="bbox 531 795 1500 852; baseline -0.001 -15"><span class='ocrx_word' id='word_1_46' title='bbox 531 795 717 838; x_wconf 89' lang='lat' dir='ltr'>Ruinam</span> <span class='ocrx_word' id='word_1_47' title='bbox 749 801 943 839; x_wconf 90' lang='lat' dir='ltr'>metuens</span> <span class='ocrx_word' id='word_1_48' title='bbox 977 797 1122 852; x_wconf 89' lang='lat' dir='ltr'>aquila</span> <span class='ocrx_word' id='word_1_49' title='bbox 1153 797 1285 838; x_wconf 86' lang='lat' dir='ltr'>ramis</span> <span class='ocrx_word' id='word_1_50' title='bbox 1318 795 1500 849; x_wconf 82' lang='lat' dir='ltr'>desidet3</span> 
     </span>
     <span class='ocr_line' id='line_1_10' title="bbox 532 866 1504 922; baseline -0.002 -14"><span class='ocrx_word' id='word_1_51' title='bbox 532 866 648 921; x_wconf 88' lang='lat' dir='ltr'><strong>Aper</strong></span> <span class='ocrx_word' id='word_1_52' title='bbox 679 868 876 922; x_wconf 82' lang='lat' dir='ltr'>rapinam</span> <span class='ocrx_word' id='word_1_53' title='bbox 907 868 1050 909; x_wconf 86' lang='lat' dir='ltr'>vitans</span> <span class='ocrx_word' id='word_1_54' title='bbox 1082 883 1169 909; x_wconf 91' lang='lat' dir='ltr'>non</span> <span class='ocrx_word' id='word_1_55' title='bbox 1199 867 1346 922; x_wconf 93' lang='lat' dir='ltr'>prodit</span> <span class='ocrx_word' id='word_1_56' title='bbox 1376 866 1504 907; x_wconf 85' lang='lat' dir='ltr'>foras.</span> 
     </span>
     <span class='ocr_line' id='line_1_11' title="bbox 532 935 1690 991; baseline -0.002 -13"><span class='ocrx_word' id='word_1_57' title='bbox 532 937 641 986; x_wconf 81' lang='lat' dir='ltr'>Quid</span> <span class='ocrx_word' id='word_1_58' title='bbox 674 938 842 979; x_wconf 78' lang='lat' dir='ltr'>multa?</span> <span class='ocrx_word' id='word_1_59' title='bbox 891 938 1038 980; x_wconf 86' lang='lat' dir='ltr'>Inedia</span> <span class='ocrx_word' id='word_1_60' title='bbox 1071 942 1170 980; x_wconf 90' lang='lat' dir='ltr'>sunt</span> <span class='ocrx_word' id='word_1_61' title='bbox 1202 937 1443 991; x_wconf 70' lang='lat' dir='ltr'>consumpti</span> <span class='ocrx_word' id='word_1_62' title='bbox 1475 949 1570 977; x_wconf 89' lang='lat' dir='ltr'>cum</span> <span class='ocrx_word' id='word_1_63' title='bbox 1602 935 1690 976; x_wconf 89' lang='lat' dir='ltr'>suis</span> 
     </span>
     <span class='ocr_line' id='line_1_12' title="bbox 531 1006 1691 1065; baseline -0.003 -16"><span class='ocrx_word' id='word_1_64' title='bbox 531 1007 784 1065; x_wconf 19' lang='lat' dir='ltr'>Feliquetet</span> <span class='ocrx_word' id='word_1_65' title='bbox 815 1009 969 1050; x_wconf 88' lang='lat' dir='ltr'>catulis</span> <span class='ocrx_word' id='word_1_66' title='bbox 1002 1009 1170 1063; x_wconf 82' lang='lat' dir='ltr'>largam</span> <span class='ocrx_word' id='word_1_67' title='bbox 1203 1008 1495 1062; x_wconf 90' lang='lat' dir='ltr'>praebuerunt</span> <span class='ocrx_word' id='word_1_68' title='bbox 1526 1006 1691 1060; x_wconf 83' lang='lat' dir='ltr'>dapem.</span> 
     </span>
    </p>

    <p class='ocr_par' dir='ltr' id='par_1_3' title="bbox 531 1076 1873 1202">
     <span class='ocr_line' id='line_1_13' title="bbox 604 1076 1873 1134; baseline -0.004 -14"><span class='ocrx_word' id='word_1_69' title='bbox 604 1078 819 1127; x_wconf 84' lang='lat' dir='ltr'>Quantum</span> <span class='ocrx_word' id='word_1_70' title='bbox 845 1080 976 1122; x_wconf 89' lang='lat' dir='ltr'>homo</span> <span class='ocrx_word' id='word_1_71' title='bbox 1002 1079 1209 1134; x_wconf 86' lang='lat' dir='ltr'>bilinguis</span> <span class='ocrx_word' id='word_1_72' title='bbox 1237 1093 1365 1132; x_wconf 84' lang='lat' dir='ltr'>saepe</span> <span class='ocrx_word' id='word_1_73' title='bbox 1392 1078 1618 1119; x_wconf 76' lang='lat' dir='ltr'>concinnet</span> <span class='ocrx_word' id='word_1_74' title='bbox 1643 1076 1760 1130; x_wconf 82' lang='lat' dir='ltr'>mali,</span> <span class='ocrx_word' id='word_1_75' title='bbox 1830 1086 1873 1116; x_wconf 77' lang='lat'>‘25</span> 
     </span>
     <span class='ocr_line' id='line_1_14' title="bbox 531 1148 1654 1202; baseline -0.002 -12"><span class='ocrx_word' id='word_1_76' title='bbox 531 1149 846 1192; x_wconf 87' lang='lat' dir='ltr'>Documentum</span> <span class='ocrx_word' id='word_1_77' title='bbox 877 1150 1036 1192; x_wconf 86' lang='lat' dir='ltr'>habere</span> <span class='ocrx_word' id='word_1_78' title='bbox 1069 1149 1204 1191; x_wconf 87' lang='lat' dir='ltr'>stulta</span> <span class='ocrx_word' id='word_1_79' title='bbox 1237 1148 1465 1190; x_wconf 85' lang='lat' dir='ltr'>credulitas</span> <span class='ocrx_word' id='word_1_80' title='bbox 1496 1150 1654 1202; x_wconf 86' lang='lat' dir='ltr'>potest.</span> 
     </span>
    </p>

    <p class='ocr_par' dir='ltr' id='par_1_4' title="bbox 653 1277 1540 1523">
     <span class='ocr_line' id='line_1_15' title="bbox 962 1277 1220 1304; baseline -0.004 0"><span class='ocrx_word' id='word_1_81' title='bbox 962 1277 986 1304; x_wconf 55' lang='grc' dir='ltr'>ει</span> <span class='ocrx_word' id='word_1_82' title='bbox 1195 1277 1220 1303; x_wconf 64' lang='lat'>2³:</span> 
     </span>
     <span class='ocr_line' id='line_1_16' title="bbox 1078 1308 1103 1334; baseline 0 -4"><span class='ocrx_word' id='word_1_83' title='bbox 1078 1308 1103 1334; x_wconf 64' lang='lat'>23&lt;</span> 
     </span>
     <span class='ocr_line' id='line_1_17' title="bbox 1060 1404 1122 1450; baseline 0.016 -1"><span class='ocrx_word' id='word_1_84' title='bbox 1060 1404 1122 1450; x_wconf 80' lang='lat' dir='ltr'>&#39;V.</span> 
     </span>
     <span class='ocr_line' id='line_1_18' title="bbox 653 1478 1540 1523; baseline -0.001 -10"><span class='ocrx_word' id='word_1_85' title='bbox 653 1479 810 1523; x_wconf 79' lang='lat' dir='ltr'>[ITEM</span> <span class='ocrx_word' id='word_1_86' title='bbox 837 1479 1054 1513; x_wconf 77' lang='lat' dir='ltr'><strong>CAESAR</strong></span> <span class='ocrx_word' id='word_1_87' title='bbox 1080 1480 1155 1513; x_wconf 86' lang='lat' dir='ltr'>AD</span> <span class='ocrx_word' id='word_1_88' title='bbox 1180 1478 1540 1523; x_wconf 76' lang='lat' dir='ltr'>ATRIENSEM.]</span> 
     </span>
    </p>

    <p class='ocr_par' dir='ltr' id='par_1_5' title="bbox 531 1550 1876 1959">
     <span class='ocr_line' id='line_1_19' title="bbox 602 1550 1586 1605; baseline -0.001 -13"><span class='ocrx_word' id='word_1_89' title='bbox 602 1550 684 1592; x_wconf 84' lang='lat' dir='ltr'>Est</span> <span class='ocrx_word' id='word_1_90' title='bbox 715 1551 985 1593; x_wconf 80' lang='lat' dir='ltr'>ardalionum</span> <span class='ocrx_word' id='word_1_91' title='bbox 1018 1550 1226 1605; x_wconf 87' lang='lat' dir='ltr'>quaedam</span> <span class='ocrx_word' id='word_1_92' title='bbox 1257 1550 1421 1593; x_wconf 86' lang='lat' dir='ltr'>Romae</span> <span class='ocrx_word' id='word_1_93' title='bbox 1452 1550 1586 1603; x_wconf 84' lang='lat' dir='ltr'>natio,</span> 
     </span>
     <span class='ocr_line' id='line_1_20' title="bbox 532 1621 1476 1676; baseline -0.002 -12"><span class='ocrx_word' id='word_1_94' title='bbox 532 1622 718 1676; x_wconf 86' lang='lat' dir='ltr'>Trepide</span> <span class='ocrx_word' id='word_1_95' title='bbox 750 1636 1024 1675; x_wconf 84' lang='lat' dir='ltr'>concursans,</span> <span class='ocrx_word' id='word_1_96' title='bbox 1057 1624 1263 1676; x_wconf 87' lang='lat' dir='ltr'>occupata</span> <span class='ocrx_word' id='word_1_97' title='bbox 1295 1621 1340 1662; x_wconf 90' lang='lat' dir='ltr'>in</span> <span class='ocrx_word' id='word_1_98' title='bbox 1372 1621 1476 1675; x_wconf 80' lang='lat' dir='ltr'>otio,</span> 
     </span>
     <span class='ocr_line' id='line_1_21' title="bbox 533 1691 1577 1746; baseline -0.002 -12"><span class='ocrx_word' id='word_1_99' title='bbox 533 1692 678 1734; x_wconf 85' lang='lat' dir='ltr'>Gratis</span> <span class='ocrx_word' id='word_1_100' title='bbox 713 1693 937 1746; x_wconf 83' lang='lat' dir='ltr'>anhelans,</span> <span class='ocrx_word' id='word_1_101' title='bbox 969 1692 1105 1733; x_wconf 86' lang='lat' dir='ltr'>multa</span> <span class='ocrx_word' id='word_1_102' title='bbox 1139 1691 1304 1746; x_wconf 84' lang='lat' dir='ltr'>agendo</span> <span class='ocrx_word' id='word_1_103' title='bbox 1336 1692 1399 1733; x_wconf 92' lang='lat' dir='ltr'>nil</span> <span class='ocrx_word' id='word_1_104' title='bbox 1433 1705 1577 1746; x_wconf 77' lang='lat' dir='ltr'>agens,</span> 
     </span>
     <span class='ocr_line' id='line_1_22' title="bbox 534 1762 1362 1804; baseline 0 0"><span class='ocrx_word' id='word_1_105' title='bbox 534 1762 626 1804; x_wconf 84' lang='lat' dir='ltr'>Sibi</span> <span class='ocrx_word' id='word_1_106' title='bbox 658 1763 841 1804; x_wconf 87' lang='lat' dir='ltr'>molesta</span> <span class='ocrx_word' id='word_1_107' title='bbox 875 1766 917 1804; x_wconf 92' lang='lat' dir='ltr'>et</span> <span class='ocrx_word' id='word_1_108' title='bbox 950 1763 1046 1804; x_wconf 87' lang='lat' dir='ltr'>aliis</span> <span class='ocrx_word' id='word_1_109' title='bbox 1081 1763 1362 1804; x_wconf 84' lang='lat' dir='ltr'>odiosissima..</span> 
     </span>
     <span class='ocr_line' id='line_1_23' title="bbox 531 1833 1876 1888; baseline -0.001 -13"><span class='ocrx_word' id='word_1_110' title='bbox 531 1833 654 1875; x_wconf 87' lang='lat' dir='ltr'>Hanc</span> <span class='ocrx_word' id='word_1_111' title='bbox 687 1833 929 1888; x_wconf 84' lang='lat' dir='ltr'>emendare,</span> <span class='ocrx_word' id='word_1_112' title='bbox 962 1833 999 1874; x_wconf 91' lang='lat' dir='ltr'>si</span> <span class='ocrx_word' id='word_1_113' title='bbox 1030 1836 1176 1875; x_wconf 88' lang='lat' dir='ltr'>tamen</span> <span class='ocrx_word' id='word_1_114' title='bbox 1207 1848 1401 1888; x_wconf 84' lang='lat' dir='ltr'>possum,</span> <span class='ocrx_word' id='word_1_115' title='bbox 1433 1834 1531 1876; x_wconf 89' lang='lat' dir='ltr'>volo</span> <span class='ocrx_word' id='word_1_116' title='bbox 1855 1844 1876 1874; x_wconf 86' lang='lat'>5</span> 
     </span>
     <span class='ocr_line' id='line_1_24' title="bbox 532 1904 1585 1959; baseline 0 -13"><span class='ocrx_word' id='word_1_117' title='bbox 532 1905 648 1946; x_wconf 78' lang='lat' dir='ltr'>Vera</span> <span class='ocrx_word' id='word_1_118' title='bbox 678 1905 858 1946; x_wconf 81' lang='lat' dir='ltr'>fabella:</span> <span class='ocrx_word' id='word_1_119' title='bbox 897 1904 1128 1959; x_wconf 87' lang='lat' dir='ltr'>pretiumst</span> <span class='ocrx_word' id='word_1_120' title='bbox 1160 1919 1314 1959; x_wconf 88' lang='lat' dir='ltr'>operae</span> <span class='ocrx_word' id='word_1_121' title='bbox 1348 1904 1585 1946; x_wconf 87' lang='lat' dir='ltr'>adtendere.</span> 
     </span>
    </p>

    <p class='ocr_par' dir='ltr' id='par_1_6' title="bbox 532 1974 1877 2454">
     <span class='ocr_line' id='line_1_25' title="bbox 604 1974 1561 2032; baseline -0.001 -15"><span class='ocrx_word' id='word_1_122' title='bbox 604 1975 761 2017; x_wconf 86' lang='lat' dir='ltr'>Caesar</span> <span class='ocrx_word' id='word_1_123' title='bbox 792 1974 989 2016; x_wconf 88' lang='lat' dir='ltr'>Tiberius</span> <span class='ocrx_word' id='word_1_124' title='bbox 1022 1989 1117 2016; x_wconf 89' lang='lat' dir='ltr'>cum</span> <span class='ocrx_word' id='word_1_125' title='bbox 1149 1977 1298 2032; x_wconf 75' lang='lat' dir='ltr'>petens</span> <span class='ocrx_word' id='word_1_126' title='bbox 1330 1974 1561 2030; x_wconf 87' lang='lat' dir='ltr'>Neapolim</span> 
     </span>
     <span class='ocr_line' id='line_1_26' title="bbox 532 2045 1468 2099; baseline 0 -13"><span class='ocrx_word' id='word_1_127' title='bbox 532 2046 584 2087; x_wconf 86' lang='lat' dir='ltr'>In</span> <span class='ocrx_word' id='word_1_128' title='bbox 614 2045 900 2087; x_wconf 88' lang='lat' dir='ltr'>Misenensem</span> <span class='ocrx_word' id='word_1_129' title='bbox 932 2045 1082 2086; x_wconf 80' lang='lat' dir='ltr'>villam</span> <span class='ocrx_word' id='word_1_130' title='bbox 1114 2045 1302 2087; x_wconf 83' lang='lat' dir='ltr'>venisset</span> <span class='ocrx_word' id='word_1_131' title='bbox 1334 2061 1468 2099; x_wconf 80' lang='lat' dir='ltr'>suam,</span> 
     </span>
     <span class='ocr_line' id='line_1_27' title="bbox 534 2116 1563 2170; baseline 0.001 -13"><span class='ocrx_word' id='word_1_132' title='bbox 534 2116 650 2166; x_wconf 81' lang='lat' dir='ltr'>Quae</span> <span class='ocrx_word' id='word_1_133' title='bbox 682 2118 827 2157; x_wconf 89' lang='lat' dir='ltr'>monte</span> <span class='ocrx_word' id='word_1_134' title='bbox 860 2131 1027 2158; x_wconf 88' lang='lat' dir='ltr'>summo</span> <span class='ocrx_word' id='word_1_135' title='bbox 1060 2116 1204 2170; x_wconf 87' lang='lat' dir='ltr'>posita</span> <span class='ocrx_word' id='word_1_136' title='bbox 1234 2116 1403 2158; x_wconf 85' lang='lat' dir='ltr'>Luculli</span> <span class='ocrx_word' id='word_1_137' title='bbox 1435 2132 1563 2158; x_wconf 88' lang='lat' dir='ltr'>manu</span> 
     </span>
     <span class='ocr_line' id='line_1_28' title="bbox 533 2185 1877 2242; baseline 0.001 -13"><span class='ocrx_word' id='word_1_138' title='bbox 533 2188 788 2242; x_wconf 87' lang='lat' dir='ltr'>Prospectat</span> <span class='ocrx_word' id='word_1_139' title='bbox 821 2185 1010 2228; x_wconf 83' lang='lat' dir='ltr'>Siculum</span> <span class='ocrx_word' id='word_1_140' title='bbox 1043 2190 1087 2228; x_wconf 90' lang='lat' dir='ltr'>et</span> <span class='ocrx_word' id='word_1_141' title='bbox 1118 2187 1299 2241; x_wconf 88' lang='lat' dir='ltr'>despicit</span> <span class='ocrx_word' id='word_1_142' title='bbox 1325 2186 1508 2229; x_wconf 89' lang='lat' dir='ltr'>Tuscum</span> <span class='ocrx_word' id='word_1_143' title='bbox 1541 2203 1675 2230; x_wconf 85' lang='lat' dir='ltr'>mare:</span> <span class='ocrx_word' id='word_1_144' title='bbox 1834 2201 1877 2231; x_wconf 92' lang='lat'>10</span> 
     </span>
     <span class='ocr_line' id='line_1_29' title="bbox 533 2257 1310 2311; baseline 0 -12"><span class='ocrx_word' id='word_1_145' title='bbox 533 2258 597 2300; x_wconf 82' lang='lat' dir='ltr'>Ex</span> <span class='ocrx_word' id='word_1_146' title='bbox 632 2257 864 2299; x_wconf 84' lang='lat' dir='ltr'>alticinctis</span> <span class='ocrx_word' id='word_1_147' title='bbox 897 2272 1005 2299; x_wconf 88' lang='lat' dir='ltr'>unus</span> <span class='ocrx_word' id='word_1_148' title='bbox 1039 2258 1310 2311; x_wconf 87' lang='lat' dir='ltr'>atriensibus,</span> 
     </span>
     <span class='ocr_line' id='line_1_30' title="bbox 534 2328 1439 2371; baseline 0 -1"><span class='ocrx_word' id='word_1_149' title='bbox 534 2328 613 2370; x_wconf 78' lang='lat' dir='ltr'>Cui</span> <span class='ocrx_word' id='word_1_150' title='bbox 645 2329 792 2370; x_wconf 85' lang='lat' dir='ltr'>tunica</span> <span class='ocrx_word' id='word_1_151' title='bbox 825 2329 878 2370; x_wconf 85' lang='lat' dir='ltr'>ab</span> <span class='ocrx_word' id='word_1_152' title='bbox 911 2329 1068 2370; x_wconf 82' lang='lat' dir='ltr'>umeris</span> <span class='ocrx_word' id='word_1_153' title='bbox 1102 2328 1234 2370; x_wconf 89' lang='lat' dir='ltr'>linteo</span> <span class='ocrx_word' id='word_1_154' title='bbox 1266 2329 1439 2371; x_wconf 83' lang='lat' dir='ltr'>Pelusio</span> 
     </span>
     <span class='ocr_line' id='line_1_31' title="bbox 533 2399 1415 2454; baseline 0.001 -13"><span class='ocrx_word' id='word_1_155' title='bbox 533 2400 642 2441; x_wconf 86' lang='lat' dir='ltr'>Erat</span> <span class='ocrx_word' id='word_1_156' title='bbox 674 2399 881 2441; x_wconf 87' lang='lat' dir='ltr'>destricta</span> <span class='ocrx_word' id='word_1_157' title='bbox 913 2399 1034 2441; x_wconf 86' lang='lat' dir='ltr'>cirris</span> <span class='ocrx_word' id='word_1_158' title='bbox 1067 2399 1415 2454; x_wconf 70' lang='lat' dir='ltr'>dependentibus7</span> 
     </span>
    </p>
   </div>
   <div class='ocr_carea' id='block_1_3' title="bbox 363 2484 588 2488">
    <p class='ocr_par' dir='ltr' id='par_1_7' title="bbox 363 2484 588 2488">
     <span class='ocr_line' id='line_1_32' title="bbox 363 2484 588 2488; baseline 0 0"><span class='ocrx_word' id='word_1_159' title='bbox 363 2484 588 2488; x_wconf 95' lang='lat' dir='ltr'> </span> 
     </span>
    </p>
   </div>
   <div class='ocr_carea' id='block_1_4' title="bbox 322 2515 1876 2977">
    <p class='ocr_par' dir='ltr' id='par_1_8' title="bbox 324 2515 1779 2620">
     <span class='ocr_line' id='line_1_33' title="bbox 324 2515 1779 2563; baseline 0.001 -10"><span class='ocrx_word' id='word_1_160' title='bbox 324 2523 363 2553; x_wconf 72' lang='lat'>17</span> <span class='ocrx_word' id='word_1_161' title='bbox 391 2520 470 2553; x_wconf 81' lang='lat' dir='ltr'>toto</span> <span class='ocrx_word' id='word_1_162' title='bbox 500 2518 544 2560; x_wconf 84' lang='lat' dir='ltr'>P,</span> <span class='ocrx_word' id='word_1_163' title='bbox 570 2517 606 2551; x_wconf 80' lang='lat' dir='ltr'><em>R</em></span> <span class='ocrx_word' id='word_1_164' title='bbox 631 2528 674 2551; x_wconf 85' lang='lat' dir='ltr'>m.</span> <span class='ocrx_word' id='word_1_165' title='bbox 697 2527 770 2560; x_wconf 59' lang='lat' dir='ltr'>pr„</span> <span class='ocrx_word' id='word_1_166' title='bbox 795 2518 877 2551; x_wconf 87' lang='lat' dir='ltr'>tuto</span> <span class='ocrx_word' id='word_1_167' title='bbox 904 2515 938 2550; x_wconf 83' lang='lat' dir='ltr'><em>R</em></span> <span class='ocrx_word' id='word_1_168' title='bbox 964 2527 1007 2551; x_wconf 81' lang='lat' dir='ltr'>m.</span> <span class='ocrx_word' id='word_1_169' title='bbox 1033 2526 1119 2553; x_wconf 65' lang='lat' dir='ltr'>sec.-</span> <span class='ocrx_word' id='word_1_170' title='bbox 1144 2519 1232 2551; x_wconf 83' lang='lat' dir='ltr'>noto</span> <span class='ocrx_word' id='word_1_171' title='bbox 1260 2517 1388 2552; x_wconf 73' lang='lat' dir='ltr'>Heius.</span> <span class='ocrx_word' id='word_1_172' title='bbox 1464 2521 1505 2552; x_wconf 86' lang='grc'>18</span> <span class='ocrx_word' id='word_1_173' title='bbox 1532 2529 1708 2563; x_wconf 74' lang='lat' dir='ltr'>suspensa</span> <span class='ocrx_word' id='word_1_174' title='bbox 1737 2519 1779 2554; x_wconf 88' lang='lat' dir='ltr'>P.</span> 
     </span>
     <span class='ocr_line' id='line_1_34' title="bbox 324 2575 1526 2620; baseline 0.001 -10"><span class='ocrx_word' id='word_1_175' title='bbox 324 2582 364 2612; x_wconf 73' lang='grc'>11)</span> <span class='ocrx_word' id='word_1_176' title='bbox 392 2588 470 2612; x_wconf 82' lang='lat' dir='ltr'>sese</span> <span class='ocrx_word' id='word_1_177' title='bbox 500 2576 587 2618; x_wconf 78' lang='lat' dir='ltr'>PR,</span> <span class='ocrx_word' id='word_1_178' title='bbox 614 2586 651 2610; x_wconf 89' lang='lat' dir='ltr'>se</span> <span class='ocrx_word' id='word_1_179' title='bbox 674 2587 711 2620; x_wconf 76' lang='lat'>2).</span> <span class='ocrx_word' id='word_1_180' title='bbox 786 2579 831 2609; x_wconf 70' lang='lat'>‘24</span> <span class='ocrx_word' id='word_1_181' title='bbox 858 2575 994 2619; x_wconf 85' lang='lat' dir='ltr'>fcliquc</span> <span class='ocrx_word' id='word_1_182' title='bbox 1020 2577 1059 2609; x_wconf 86' lang='lat' dir='ltr'>et</span> <span class='ocrx_word' id='word_1_183' title='bbox 1084 2575 1240 2613; x_wconf 73' lang='lat' dir='ltr'>Uarius.</span> <span class='ocrx_word' id='word_1_184' title='bbox 1266 2575 1422 2620; x_wconf 83' lang='lat' dir='ltr'>felisquc</span> <span class='ocrx_word' id='word_1_185' title='bbox 1448 2577 1526 2611; x_wconf 82' lang='lat' dir='ltr'>cdd.</span> 
     </span>
    </p>

    <p class='ocr_par' dir='ltr' id='par_1_9' title="bbox 415 2635 1284 2679">
     <span class='ocr_line' id='line_1_35' title="bbox 415 2635 1284 2679; baseline 0 -9"><span class='ocrx_word' id='word_1_186' title='bbox 415 2635 433 2655; x_wconf 61' lang='lat'>²⁵</span> <span class='ocrx_word' id='word_1_187' title='bbox 459 2636 478 2657; x_wconf 81' lang='lat'><strong><em>*</em></strong></span> <span class='ocrx_word' id='word_1_188' title='bbox 505 2636 524 2657; x_wconf 94' lang='lat'>*</span> <span class='ocrx_word' id='word_1_189' title='bbox 549 2636 592 2670; x_wconf 75' lang='lat' dir='ltr'>(le</span> <span class='ocrx_word' id='word_1_190' title='bbox 617 2636 751 2670; x_wconf 79' lang='lat' dir='ltr'>lacuna</span> <span class='ocrx_word' id='word_1_191' title='bbox 777 2638 868 2669; x_wconf 33' lang='lat' dir='ltr'>*recte</span> <span class='ocrx_word' id='word_1_192' title='bbox 892 2635 1099 2679; x_wconf 73' lang='lat' dir='ltr'>suspicatus</span> <span class='ocrx_word' id='word_1_193' title='bbox 1125 2638 1174 2669; x_wconf 69' lang='lat' dir='ltr'>est</span> <span class='ocrx_word' id='word_1_194' title='bbox 1202 2635 1284 2679; x_wconf 71' lang='lat'>11&#39;1&#39;17.</span> 
     </span>
    </p>

    <p class='ocr_par' dir='ltr' id='par_1_10' title="bbox 322 2693 1876 2977">
     <span class='ocr_line' id='line_1_36' title="bbox 416 2693 1779 2737; baseline 0.001 -9"><span class='ocrx_word' id='word_1_195' title='bbox 416 2695 459 2737; x_wconf 90' lang='lat' dir='ltr'>V,</span> <span class='ocrx_word' id='word_1_196' title='bbox 489 2699 503 2728; x_wconf 95' lang='lat'>1</span> <span class='ocrx_word' id='word_1_197' title='bbox 534 2694 765 2729; x_wconf 85' lang='lat' dir='ltr'>ardalionum</span> <span class='ocrx_word' id='word_1_198' title='bbox 795 2694 880 2730; x_wconf 80' lang='lat' dir='ltr'>PR.</span> <span class='ocrx_word' id='word_1_199' title='bbox 963 2697 983 2727; x_wconf 78' lang='lat'>‘2</span> <span class='ocrx_word' id='word_1_200' title='bbox 1011 2693 1047 2727; x_wconf 88' lang='grc'>111</span> <span class='ocrx_word' id='word_1_201' title='bbox 1074 2693 1149 2728; x_wconf 81' lang='lat' dir='ltr'>otio</span> <span class='ocrx_word' id='word_1_202' title='bbox 1170 2705 1209 2737; x_wconf 78' lang='lat' dir='ltr'>p,</span> <span class='ocrx_word' id='word_1_203' title='bbox 1237 2694 1338 2728; x_wconf 84' lang='lat' dir='ltr'>notio</span> <span class='ocrx_word' id='word_1_204' title='bbox 1368 2693 1454 2730; x_wconf 72' lang='lat' dir='ltr'>PR.</span> <span class='ocrx_word' id='word_1_205' title='bbox 1535 2699 1555 2729; x_wconf 90' lang='grc'>3</span> <span class='ocrx_word' id='word_1_206' title='bbox 1581 2695 1674 2730; x_wconf 88' lang='lat' dir='ltr'>nihil</span> <span class='ocrx_word' id='word_1_207' title='bbox 1702 2697 1779 2731; x_wconf 78' lang='lat' dir='ltr'>cdd.</span> 
     </span>
     <span class='ocr_line' id='line_1_37' title="bbox 322 2752 1873 2797; baseline 0.003 -11"><span class='ocrx_word' id='word_1_208' title='bbox 322 2759 341 2786; x_wconf 72' lang='lat'>8</span> <span class='ocrx_word' id='word_1_209' title='bbox 370 2755 405 2789; x_wconf 89' lang='lat' dir='ltr'>in</span> <span class='ocrx_word' id='word_1_210' title='bbox 433 2754 666 2789; x_wconf 70' lang='lat' dir='ltr'>Misinensem</span> <span class='ocrx_word' id='word_1_211' title='bbox 695 2753 740 2789; x_wconf 73' lang='lat' dir='ltr'>Jn‘.</span> <span class='ocrx_word' id='word_1_212' title='bbox 765 2752 1069 2787; x_wconf 65' lang='lat' dir='ltr'>innnisinimisem</span> <span class='ocrx_word' id='word_1_213' title='bbox 1098 2753 1134 2786; x_wconf 91' lang='lat' dir='ltr'><strong><em>P</em></strong></span> <span class='ocrx_word' id='word_1_214' title='bbox 1157 2756 1230 2786; x_wconf 73' lang='lat' dir='ltr'>test.</span> <span class='ocrx_word' id='word_1_215' title='bbox 1246 2753 1414 2797; x_wconf 70' lang='lat' dir='ltr'>Rerqero.</span> <span class='ocrx_word' id='word_1_216' title='bbox 1440 2753 1476 2787; x_wconf 87' lang='lat' dir='ltr'>iu</span> <span class='ocrx_word' id='word_1_217' title='bbox 1497 2753 1747 2789; x_wconf 72' lang='lat' dir='ltr'>Misiniensem</span> <span class='ocrx_word' id='word_1_218' title='bbox 1778 2755 1873 2790; x_wconf 75' lang='lat' dir='ltr'>Pith.</span> 
     </span>
     <span class='ocr_line' id='line_1_38' title="bbox 323 2810 1876 2857; baseline 0.002 -10"><span class='ocrx_word' id='word_1_219' title='bbox 323 2815 361 2847; x_wconf 77' lang='lat' dir='ltr'>in</span> <span class='ocrx_word' id='word_1_220' title='bbox 386 2810 461 2848; x_wconf 68' lang='grc' dir='ltr'>τ’·(ιν.</span> <span class='ocrx_word' id='word_1_221' title='bbox 490 2813 577 2849; x_wconf 74' lang='lat' dir='ltr'>lect..</span> <span class='ocrx_word' id='word_1_222' title='bbox 603 2824 693 2847; x_wconf 78' lang='lat' dir='ltr'>corr.</span> <span class='ocrx_word' id='word_1_223' title='bbox 718 2826 753 2857; x_wconf 74' lang='lat' dir='ltr'>p.</span> <span class='ocrx_word' id='word_1_224' title='bbox 853 2816 874 2846; x_wconf 81' lang='grc'><strong>9</strong></span> <span class='ocrx_word' id='word_1_225' title='bbox 901 2811 1023 2857; x_wconf 77' lang='lat' dir='ltr'>posita</span> <span class='ocrx_word' id='word_1_226' title='bbox 1048 2823 1080 2853; x_wconf 72' lang='lat' dir='ltr'>r,</span> <span class='ocrx_word' id='word_1_227' title='bbox 1106 2811 1228 2856; x_wconf 79' lang='lat' dir='ltr'>posita</span> <span class='ocrx_word' id='word_1_228' title='bbox 1254 2814 1309 2846; x_wconf 66' lang='lat' dir='ltr'>nst</span> <span class='ocrx_word' id='word_1_229' title='bbox 1340 2812 1379 2846; x_wconf 68' lang='grc' dir='ltr'>Ι).</span> <span class='ocrx_word' id='word_1_230' title='bbox 1444 2812 1585 2847; x_wconf 85' lang='lat' dir='ltr'>Luculli</span> <span class='ocrx_word' id='word_1_231' title='bbox 1611 2825 1654 2857; x_wconf 76' lang='lat'>1),</span> <span class='ocrx_word' id='word_1_232' title='bbox 1687 2814 1802 2849; x_wconf 86' lang='lat' dir='ltr'>Lucili</span> <span class='ocrx_word' id='word_1_233' title='bbox 1829 2815 1876 2857; x_wconf 77' lang='lat' dir='ltr'>R,</span> 
     </span>
     <span class='ocr_line' id='line_1_39' title="bbox 326 2871 1876 2917; baseline 0.001 -10"><span class='ocrx_word' id='word_1_234' title='bbox 326 2874 360 2907; x_wconf 81' lang='lat'>1’</span> <span class='ocrx_word' id='word_1_235' title='bbox 384 2884 488 2907; x_wconf 72' lang='lat' dir='ltr'>asser.</span> <span class='ocrx_word' id='word_1_236' title='bbox 509 2872 605 2906; x_wconf 73' lang='lat' dir='ltr'>Pich.</span> <span class='ocrx_word' id='word_1_237' title='bbox 632 2875 663 2907; x_wconf 75' lang='lat' dir='ltr'>et</span> <span class='ocrx_word' id='word_1_238' title='bbox 689 2872 823 2916; x_wconf 72' lang='lat' dir='ltr'>Bony.,</span> <span class='ocrx_word' id='word_1_239' title='bbox 862 2871 996 2906; x_wconf 83' lang='lat' dir='ltr'>Lucilii</span> <span class='ocrx_word' id='word_1_240' title='bbox 1030 2871 1118 2905; x_wconf 78' lang='lat' dir='ltr'>idem</span> <span class='ocrx_word' id='word_1_241' title='bbox 1147 2874 1228 2905; x_wconf 73' lang='lat' dir='ltr'>teste</span> <span class='ocrx_word' id='word_1_242' title='bbox 1254 2872 1359 2916; x_wconf 64' lang='lat' dir='ltr'>Hera.</span> <span class='ocrx_word' id='word_1_243' title='bbox 1460 2877 1502 2905; x_wconf 83' lang='lat'>10</span> <span class='ocrx_word' id='word_1_244' title='bbox 1528 2872 1683 2917; x_wconf 64' lang='lat' dir='ltr'>despicit</span> <span class='ocrx_word' id='word_1_245' title='bbox 1711 2874 1876 2915; x_wconf 58' lang='lat' dir='ltr'>(ruamus,</span> 
     </span>
     <span class='ocr_line' id='line_1_40' title="bbox 322 2929 1874 2977; baseline 0.004 -14"><span class='ocrx_word' id='word_1_246' title='bbox 322 2931 499 2977; x_wconf 74' lang='lat' dir='ltr'>prospicit.</span> <span class='ocrx_word' id='word_1_247' title='bbox 528 2932 572 2973; x_wconf 80' lang='lat'>1¹,</span> <span class='ocrx_word' id='word_1_248' title='bbox 597 2931 687 2965; x_wconf 52' lang='grc' dir='ltr'>ΗΚΒ</span> <span class='ocrx_word' id='word_1_249' title='bbox 701 2942 787 2973; x_wconf 59' lang='lat' dir='ltr'>roc,</span> <span class='ocrx_word' id='word_1_250' title='bbox 815 2930 991 2974; x_wconf 70' lang='lat' dir='ltr'>perspicit</span> <span class='ocrx_word' id='word_1_251' title='bbox 1015 2929 1081 2975; x_wconf 67' lang='lat' dir='ltr'>Ji&#39;gJ.</span> <span class='ocrx_word' id='word_1_252' title='bbox 1160 2935 1197 2964; x_wconf 90' lang='grc'>11</span> <span class='ocrx_word' id='word_1_253' title='bbox 1227 2931 1293 2964; x_wconf 74' lang='lat' dir='ltr'>alti</span> <span class='ocrx_word' id='word_1_254' title='bbox 1320 2930 1460 2965; x_wconf 76' lang='lat' dir='ltr'>cinctus</span> <span class='ocrx_word' id='word_1_255' title='bbox 1477 2931 1543 2976; x_wconf 71' lang='lat'>11¹9.</span> <span class='ocrx_word' id='word_1_256' title='bbox 1610 2937 1650 2966; x_wconf 72' lang='lat'>1⁴3</span> <span class='ocrx_word' id='word_1_257' title='bbox 1679 2933 1813 2967; x_wconf 74' lang='lat' dir='ltr'>umeris</span> <span class='ocrx_word' id='word_1_258' title='bbox 1832 2933 1874 2969; x_wconf 85' lang='lat' dir='ltr'>P.</span> 
     </span>
    </p>
   </div>
  </div>
 </body>
</html>
