2028 3310
272 200 424 235 XXXVI
933 195 1090 230 CAPVT
1116 195 1158 229 II.

390 306 471 349 Sed
503 307 590 348 iam
623 305 674 346 de
706 304 832 345 huius
866 302 1066 344 editionis
1097 301 1389 343 disserendum
1422 300 1675 342 rationibus.

389 377 626 418 Multorum
663 374 766 416 libri
807 376 1028 415 auctorum
1067 385 1163 413 cum
1201 374 1345 414 extent
1381 370 1540 413 nostris
1579 371 1692 412 curis
1731 385 1823 425 per-

271 448 417 502 politi,
447 446 591 488 nullus
623 448 769 487 tamen
801 446 886 498 est,
917 443 962 484 in
994 456 1076 497 quo
1109 445 1200 484 tam
1229 456 1362 496 prope
1394 441 1445 483 ad
1477 441 1573 495 ipsa
1601 441 1823 495 scriptoris

272 518 404 559 verba
436 516 662 558 accessisse
694 529 761 556 me
794 513 1005 556 confidam
1037 528 1163 568 quam
1195 513 1239 554 in
1264 513 1331 554 his
1353 526 1456 567 quas
1486 511 1684 552 manibus
1704 514 1825 553 tenes

272 587 432 629 fabulis
464 585 660 628 Phaedri.
722 584 843 633 Quod
880 598 979 625 cum
1010 583 1073 625 ita
1104 583 1178 636 sit,
1222 584 1401 636 apparet
1444 582 1628 623 multum
1666 581 1826 623 distare

273 658 383 699 hane
414 656 703 699 recensionem
736 670 760 696 a
790 654 945 696 Lucilii
978 656 1236 707 saturarum,
1272 652 1390 694 cuius
1422 652 1550 707 longe
1583 652 1692 694 aliae
1725 656 1826 694 sunt

274 729 466 770 virtutes,

391 799 484 840 Iam
517 812 612 840 cum
644 811 771 852 saepe
791 795 999 838 sciscitati
1020 794 1107 836 sint
1127 793 1271 847 amici,
1304 807 1488 848 quonam
1508 793 1682 835 tandem
1700 797 1828 848 pacto

275 871 413 923 fieret,
463 872 511 911 ut
542 869 665 910 crisis
699 882 827 923 quam
858 866 1106 908 factitamus
1146 877 1280 918 genus
1310 867 1442 905 tant-0
1481 863 1662 905 distaret
1699 863 1829 905 inter-

276 941 389 983 vallo
429 940 482 982 ab
515 939 696 993 Hauptii
735 938 895 992 quanto
935 952 960 978 a
990 934 1233 989 Ribbeckii‚
1281 933 1370 975 eius
1409 933 1468 975 rei
1514 933 1702 975 breviter
1739 933 1830 975 red-

275 1011 373 1052 dam
403 1010 604 1052 rationes.

392 1080 602 1135 Equidem
632 1091 866 1133 numquam
904 1077 992 1132 legi
1034 1076 1194 1130 scripta
1231 1078 1424 1116 veterum
1466 1088 1515 1116 eo
1554 1073 1752 1128 consilio,
1783 1077 1832 1116 ut

277 1151 545 1194 emendarem
578 1153 653 1191 aut
685 1148 961 1202 explicarem,
1000 1146 1072 1187 sed
1105 1145 1158 1186 ad
1190 1144 1490 1187 oblectandum
1523 1145 1658 1186 otium
1691 1148 1733 1186 et
1765 1159 1829 1186 ex-

275 1222 434 1277 peditis
467 1220 579 1263 curis
613 1233 747 1274 eoque
779 1217 960 1259 iucundo
1000 1215 1134 1257 animi
1174 1215 1339 1269 pariter
1371 1217 1413 1256 et
1445 1215 1635 1269 corporis
1666 1215 1833 1270 habitu,

277 1293 367 1334 sine
400 1306 482 1346 quo
516 1305 622 1346 opus
655 1292 747 1331 arte
781 1286 1089 1330 conficiendum
1121 1285 1239 1327 nullo
1271 1288 1398 1339 paeto
1429 1288 1575 1339 potest
1595 1285 1647 1327 ad
1673 1285 1833 1327 bonum

276 1362 450 1417 perduci
484 1361 658 1403 exitum.

396 1431 477 1474 Sed
509 1430 699 1473 volventi
731 1429 838 1471 mihi
870 1429 955 1470 ista
993 1442 1042 1469 ac
1080 1426 1316 1469 revolventi
1358 1427 1544 1481 primum
1583 1427 1691 1469 solet
1731 1428 1833 1469 oriri

278 1504 615 1546 coniecturarum
668 1504 710 1542 et
754 1499 1106 1542 observationum
1148 1511 1350 1539 numerus
1402 1497 1516 1539 haud
1560 1497 1835 1552 spernendus,

278 1573 426 1616 deinde
476 1573 584 1614 liber
634 1586 759 1627 quem
812 1570 909 1625 lego
961 1570 1024 1611 ita
1077 1583 1120 1611 se
1170 1569 1360 1611 insinuat
1413 1569 1458 1610 in
1518 1569 1726 1623 animum,
1787 1572 1835 1610 ut

280 1648 417 1687 totum
451 1644 538 1685 fere
570 1646 739 1685 teneam
771 1641 988 1684 memoria.
1062 1640 1144 1689 Qui
1175 1639 1249 1681 ubi
1281 1643 1347 1682 est
1385 1639 1537 1695 dignus
1572 1639 1687 1682 visus
1720 1639 1834 1682 curis

278 1715 457 1768 nostris,
504 1717 712 1768 aptusque
746 1713 817 1768 qui
849 1727 960 1753 nova
991 1711 1253 1753 instauretur
1289 1710 1552 1764 recensione,
1594 1711 1680 1752 iam
1713 1725 1836 1765 quae-

280 1800 458 1840 cumque
492 1787 639 1826 extant
672 1783 862 1825 subsidia
895 1782 946 1824 ad
968 1781 1277 1824 emendandum
1309 1781 1375 1822 vel
1398 1780 1697 1836 explicandum
1730 1796 1836 1836 opus

280 1857 434 1898 idonea
465 1854 790 1909 circumspicere
824 1853 953 1894 soleo.
1015 1853 1109 1902 Qua
1140 1853 1184 1894 in
1218 1867 1346 1907 opera
1379 1852 1441 1894 ita
1472 1852 1560 1893 fere
1604 1867 1837 1906 versamur,

276 1916 326 1969 ut
360 1926 535 1981 perinde
568 1925 860 1967 abstineamus
894 1939 918 1965 a
950 1923 1097 1965 servili
1130 1924 1376 1965 criticorum
1402 1923 1469 1964 vel
1491 1922 1837 1965 membranarum

281 1998 555 2039 veneratione
593 1999 720 2050 atque
759 2011 784 2036 a
821 1994 1000 2037 levitate
1038 2010 1123 2036 non
1161 1994 1300 2035 minus
1333 1993 1511 2048 indigna
1543 1993 1837 2035 existimatore

282 2069 479 2123 ingenuo,
511 2082 618 2122 quae
651 2066 909 2120 contemptis
941 2066 1058 2107 hisce
1086 2065 1169 2107 sibi
1197 2065 1289 2106 sola
1316 2064 1483 2106 videtur
1510 2078 1670 2118 sapere.
1717 2063 1838 2105 Cete-

283 2155 375 2180 rum
408 2153 503 2180 cum
536 2142 579 2180 et
610 2138 652 2179 id
685 2153 810 2192 opus,
853 2137 963 2191 quod
996 2136 1203 2178 edendum
1236 2138 1319 2189 est,
1358 2149 1492 2189 paene
1524 2137 1663 2176 totum
1696 2134 1839 2176 inhae-

283 2214 373 2251 reat
420 2208 668 2262 memoriae,
718 2223 794 2249 nec
838 2208 977 2249 minus
1001 2202 1271 2248 'succurrant
1317 2206 1522 2260 plurima,
1573 2220 1679 2260 quae
1722 2204 1840 2259 mihi,

284 2281 418 2321 multa
462 2279 643 2334 legenti,
692 2278 829 2319 multa
876 2277 1083 2331 audienti,
1134 2277 1186 2318 ad
1229 2291 1318 2318 rem
1370 2279 1563 2317 nostram
1608 2277 1841 2318 offerantur

282 2352 452 2401 idonea,
484 2365 568 2391 non
600 2349 779 2404 poterit,
812 2363 904 2390 esse
937 2348 1112 2401 mirum,
1146 2347 1257 2402 quod
1290 2350 1379 2388 tam
1412 2362 1508 2388 raro
1542 2362 1566 2388 a
1597 2347 1721 2388 nobis
1747 2362 1841 2401 pro·

283 2423 372 2464 lata
405 2425 503 2462 sunt
537 2435 603 2474 ea,
643 2434 750 2474 quae
790 2422 863 2460 aut
903 2434 928 2460 a
960 2418 1125 2460 dicendi
1167 2431 1322 2473 genere
1362 2420 1436 2459 aut
1476 2433 1500 2459 a
1538 2417 1718 2459 metrica
1749 2420 1840 2459 arte

284 2492 491 2545 auctoris,
524 2506 649 2546 quem
683 2492 985 2543 tractaremus,
1018 2492 1161 2530 essent
1193 2489 1345 2530 aliena.

403 2563 492 2604 Nec
526 2576 624 2603 vero
655 2576 730 2616 per
770 2560 1015 2615 superbiam
1049 2561 1097 2601 fit
1129 2559 1254 2613 illud,
1295 2563 1342 2601 ut
1380 2559 1517 2601 rarius
1550 2564 1841 2601 memorentur

286 2651 304 2675 a
343 2634 466 2675 nobis
500 2633 767 2675 coniecturae
800 2631 1019 2673 homiuum
1059 2631 1279 2672 doctorum
1318 2634 1490 2685 praeter
1522 2646 1612 2683 eas,
1657 2646 1763 2685 quae
1796 2630 1840 2672 in
1877 2653 1881 2657 -

286 2706 378 2758 ipsa
410 2704 541 2746 verba
573 2702 795 2757 scriptoris
829 2701 915 2742 sint
948 2704 1154 2755 receptae.
1204 2701 1316 2743 Nam
1350 2700 1460 2756 quod
1496 2700 1625 2755 vulgo
1662 2700 1839 2742 modest-i

287 2790 377 2816 csse
411 2775 544 2816 animi
585 2776 797 2827 asserunt,
836 2772 966 2813 etiam
1009 2772 1188 2813 aliorum
1229 2771 1502 2826 opinionibus
1541 2771 1701 2826 aliquid
1743 2785 1840 2812 con-

288 2845 433 2887 cedere
472 2845 623 2899 spatii,
668 2857 746 2899 ego
791 2842 933 2897 potius
971 2842 1162 2884 levitatis
1203 2845 1275 2884 aut
1314 2840 1596 2895 impotentiae
1634 2855 1726 2882 esse
1759 2841 1842 2883 exi·

289 2916 428 2958 stimo.
475 2916 645 2958 Etenim
680 2917 856 2969 apparet
889 2913 931 2955 in
965 2912 1144 2968 singulis
1178 2912 1436 2967 scriptorum
1468 2911 1574 2953 locis
1606 2925 1690 2953 non
1717 2925 1842 2967 posse
