2028 3310
286 169 344 210 24
791 163 1007 200 PHAEDRI
1031 161 1331 197 FABVLARVM

936 267 1202 313 μψστ-σῃ]
1243 310 1251 316 ἱ

570 343 731 397 Aesopi
762 341 934 397 ingenio
967 342 1156 381 statuam
1187 353 1367 393 posuere
1400 338 1534 379 Attici

501 415 760 467 Servomque
793 411 1058 453 collocarunt
1089 412 1260 451 aeterna
1291 409 1336 450 in
1367 408 1473 458 basi,

433 512 440 520 μ
500 486 653 527 Patere
683 482 859 525 honoris
892 481 1051 523 scirent
1081 484 1129 522 ut
1160 479 1300 522 cuncti
1330 479 1444 520 viam

502 555 592 597 Nec
624 553 770 609 generi
801 552 946 605 tribui,
978 551 1050 592 sed
1082 550 1232 591 virtuti
1264 549 1462 604 gloriam.

503 625 715 674 Quoniam
747 625 976 677 occuparat
1007 622 1133 675 alter,
1163 623 1211 662 ut
1241 621 1405 674 primus
1437 620 1560 673 foret,
1822 630 1842 658 5

503 696 569 738 Ne
602 695 718 738 solus
751 696 875 744 esset,
907 692 1066 745 studui3
1100 691 1211 746 quod
1244 690 1472 745 superfuit:

502 767 593 808 Nec
623 766 729 807 haec
761 764 938 817 invidia,
969 765 1161 804 verumst
1193 761 1435 803 aemulatio.

504 836 627 886 Quod
659 836 696 877 si
727 835 867 877 labori
899 833 1054 875 faverit
1084 832 1254 873 Latium
1285 845 1393 885 meo,

504 908 651 949 Plures
684 905 879 957 habebit,
912 919 1017 958 quos
1050 904 1240 957 opponat
1270 901 1487 943 Graeciae.

505 977 550 1020 Si
581 977 692 1019 livor
724 976 963 1017 obtrectare
997 988 1139 1015 curam
1172 972 1365 1026 voluerit,
1804 982 1846 1012 10

504 1047 604 1094 Non
636 1049 782 1088 tamen
814 1045 968 1099 eripiet
999 1043 1139 1084 laudis
1173 1042 1489 1085 conscientiam.

506 1117 549 1159 Si
582 1119 776 1158 nostrum
807 1115 995 1157 studium
1022 1113 1073 1155 ad
1107 1127 1230 1155 aures
1262 1113 1400 1154 cultas
1431 1114 1645 1167 pervenit⁴

504 1189 563 1229 Et
595 1190 685 1229 arte
718 1186 838 1227 fictas
872 1185 1039 1226 animus
1072 1184 1203 1225 sentit
1234 1183 1416 1237 fabulas,

506 1258 685 1300 Omnem
718 1256 933 1311 querelam
966 1255 1194 1296 submovet
1224 1254 1420 1294 felicitas.

507 1329 583 1370 Sin
615 1331 760 1370 autem
786 1327 952 1368 rabulis
985 1325 1134 1367 doctus
1168 1325 1353 1367 occurrit
1384 1324 1520 1378 labor,
1808 1335 1850 1365 15

507 1399 689 1441 Sinistra
721 1413 827 1453 quos
859 1397 904 1438 in
935 1396 1073 1438 lucem
1103 1384 1258 1437 natura
1290 1394 1457 1448 extulit,

509 1469 617 1522 [Nec
649 1469 875 1524 quicquam
907 1469 1088 1522 possunt
1117 1466 1202 1508 nisi
1234 1466 1431 1507 meliores
1465 1468 1669 1520 carpere,]

506 1541 656 1583 Fatale
688 1540 838 1582 vitium
871 1539 993 1580 corde
1026 1538 1177 1579 durato
1210 1537 1359 1591 feram,

507 1611 653 1653 Donec
684 1611 901 1652 fortunam
934 1609 1123 1650 criminis
1155 1607 1315 1662 pudeat
1346 1608 1425 1649 sui.

811 1832 1011 1874 LIBER
1049 1831 1347 1874 TERTIVS.

679 1928 996 1971 [PHAEDRVS
1022 1927 1097 1960 AD
1123 1925 1470 1971 EVTYCHVM]

582 2000 766 2042 Phaedri
799 1999 969 2041 libellos
1002 1999 1144 2053 legere
1178 1997 1215 2039 si
1246 1997 1475 2052 desideras,

513 2070 651 2112 Vaces
684 2072 873 2125 oportet,
903 2069 1118 2124 Eutyche,
1151 2083 1175 2109 a
1207 2068 1408 2122 negotiis,
1440 2084 1442 2087 ¹

1123 2161 1128 2174 ¹

395 2189 490 2221 auct.
526 2190 541 2220 1
577 2186 660 2221 Aes.
694 2186 770 2230 ing.
803 2186 852 2229 N,
898 2186 956 2220 Es.
985 2160 1125 2230 ingenii
1158 2185 1199 2228 V,
1238 2185 1375 2229 Aesopi
1407 2184 1594 2229 ingentem
1622 2185 1674 2227 R,
1712 2185 1857 2230 Aesopo

300 2247 505 2292 ingentem,
537 2246 598 2281 secl
626 2249 663 2280 ut
691 2245 856 2279 videatur
887 2246 999 2288 fuisse
1027 2246 1136 2289 prius
1160 2244 1295 2289 Aesopi
1327 2244 1480 2289 ingeuto
1508 2245 1584 2287 (sic)
1614 2244 1656 2279 1’.
1737 2248 1757 2278 2
1785 2255 1857 2279 ser-

300 2316 458 2349 vomque
487 2305 550 2346 M,
577 2315 797 2347 servumque
826 2303 867 2348 V,
894 2304 1151 2347 servolumque
1178 2303 1230 2346 R,
1258 2303 1442 2338 servulum
1469 2313 1562 2346 quae
1593 2303 1636 2337 P.
1687 2304 1859 2338 aeternae

301 2364 382 2400 basi
407 2364 457 2406 N,
489 2366 638 2398 aeterne
665 2362 746 2405 basi
780 2363 821 2397 V.
903 2367 922 2397 3
950 2373 1077 2407 parere
1114 2362 1151 2397 Γ.
1215 2362 1364 2397 honoris
1394 2362 1611 2404 Pruschius,
1654 2362 1785 2397 honori
1819 2363 1860 2405 V,

301 2422 443 2458 homini
473 2422 549 2456 ΡΙ(
575 2422 750 2466 (sequitur
777 2423 817 2466 s).
905 2426 924 2455 4
951 2421 1095 2465 generit
1123 2421 1157 2454 1¹
1176 2433 1216 2455 m.
1233 2432 1312 2465 1212,
1338 2432 1472 2465 genere
1499 2421 1566 2466 11¹9.
1653 2432 1705 2456 vv.
1733 2425 1859 2456 5-19

302 2494 368 2517 om.
395 2482 431 2517 1⁷.
506 2486 526 2515 5
554 2483 594 2516 ut
620 2482 759 2523 Bentl.,
785 2491 830 2515 ne
861 2480 946 2514 PR.
1023 2485 1042 2514 6
1070 2491 1114 2514 nc
1143 2501 1184 2504 ——
1213 2479 1337 2514 studui
1364 2480 1554 2522 Rittersh„
1588 2491 1656 2515 nec
1685 2481 1721 2514 1’
1744 2481 1800 2522 (de
1824 2480 1860 2515 R

303 2552 375 2575 non
402 2542 554 2584 constat)
581 2561 623 2566 —
652 2540 764 2574 studii
795 2539 880 2573 1211’.
955 2542 975 2573 8
1003 2539 1144 2573 faveret
1173 2538 1216 2581 1’,
1244 2538 1384 2573 saberet
1412 2539 1457 2582 11’,
1492 2550 1582 2574 corr.
1607 2550 1643 2584 p.
1718 2543 1739 2574 9
1765 2539 1861 2575 livor

304 2602 512 2636 obtrectare
532 2611 572 2644 p,
599 2599 696 2634 libor
722 2599 909 2634 oblectare
936 2599 1022 2641 (sive
1048 2598 1247 2642 obiectare)
1279 2598 1321 2634 11'.
1347 2598 1452 2633 labor
1478 2598 1663 2633 oblectare
1694 2599 1737 2634 P.

307 2666 346 2694 12
374 2659 420 2694 ad
447 2669 553 2693 aures
580 2658 699 2693 cultas
726 2657 893 2702 pervenit
916 2658 971 2699 JI,
998 2656 1164 2702 pervenit
1191 2657 1236 2691 ad
1264 2668 1369 2691 alu-os
1396 2658 1477 2691 tuas
1503 2656 1587 2691 PR.
1654 2662 1695 2692 15
1721 2658 1860 2693 rabulis

304 2719 559 2761 Rachrensius,
587 2718 632 2752 ab
658 2717 733 2751 illis
763 2717 850 2752 1’11'.
927 2721 968 2751 17
995 2717 1073 2751 scel.
1100 2717 1219 2750 Rentl.
1247 2717 1401 2760 possunt
1427 2716 1515 2757 RB,
1548 2715 1691 2761 possint
1720 2717 1754 2751 1¹
1778 2720 1861 2753 teste

306 2779 422 2822 Bonq.
507 2778 665 2811 maiores
706 2776 882 2819 Zornius,
926 2777 990 2821 qui
1024 2777 1168 2810 tutatur
1199 2775 1230 2809 Ιι.
1267 2787 1295 2810 ι’.
1402 2779 1445 2811 18
1478 2774 1608 2809 vitium
1641 2776 1859 2817 Gronovius,

305 2837 454 2871 exitium
483 2836 730 2880 (praecedente
756 2837 790 2879 c)
820 2834 906 2870 PR.

404 2895 509 2930 Liber
535 2894 665 2929 tertius
692 2906 758 2929 om.
781 2894 868 2928 PR.
