2028 3310
634 186 847 222 PHAEDRI
873 187 1095 222 FABVLAE
1122 187 1300 222 NOVAE.

406 296 648 349 Diffugiunt
682 310 833 347 mures,
868 295 1011 336 subita
1043 309 1087 336 re
1121 295 1358 349 perterriti3

404 367 469 407 Ex
502 366 595 420 quis
630 366 816 407 urbanus
850 366 1045 407 conditur
1078 366 1256 407 latebris
1290 365 1389 418 suis,

406 436 666 490 Trepidabat
698 436 807 477 alter
840 436 1000 477 frustra
1031 450 1236 490 quaerens
1270 436 1408 477 exitus

403 506 527 548 Nova
558 507 601 547 in
632 506 777 559 domo,
807 520 850 546 se
883 506 1013 547 morti
1045 507 1216 547 credens
1250 506 1502 560 proximum.

403 577 462 618 Vt
493 576 665 618 tandem
697 576 887 617 clausam
919 576 1046 630 liquit
1078 577 1229 618 cellam
1262 577 1425 630 vilicus,

403 647 472 689 Sic
505 661 598 688 mus
631 646 837 687 urbanus:
870 647 1026 688 iterum
1058 648 1198 688 fruere
1232 646 1298 688 his
1331 647 1523 689 ferculis!

403 717 478 759 Nil
510 718 596 758 iam
627 718 790 759 verere!
837 718 896 758 At
927 717 1203 771 perturbatus
1235 717 1440 759 rusticus:

400 788 482 841 Tu,
516 788 588 842 qui
621 788 784 829 moveri
815 787 954 829 nescis
987 787 1039 828 ad
1070 787 1222 829 mortis
1254 790 1407 840 metus,

399 858 593 899 Pascaris
627 858 764 912 epulis
797 858 958 899 talibus
992 858 1198 912 quotidie3

400 928 468 970 Me
501 931 642 970 tutum
675 929 728 970 ab
760 928 884 970 hoste
918 928 1134 982 simplices
1167 928 1305 970 victus
1339 929 1466 970 alent.

924 1069 1002 1111 ΙΙΙ.

556 1141 758 1174 Asmvs
784 1141 1006 1174 DOMINO
1032 1141 1367 1173 BLANDIENS.

651 1210 769 1254 (Rom.
798 1211 829 1254 Ι,
851 1214 904 1244 16.
956 1210 1016 1244 Dr.
1042 1221 1125 1254 app.
1154 1210 1203 1254 ΙΙ,
1223 1211 1271 1253 9.)

468 1283 528 1324 Vt
560 1282 668 1324 vidit
699 1283 844 1323 asinus
877 1282 1048 1323 domino
1081 1282 1266 1324 blandiri
1299 1297 1374 1324 suo

397 1354 618 1407 Largeque
651 1353 704 1393 ab
736 1352 861 1394 huius
894 1367 1042 1394 mensa
1075 1352 1224 1394 satiari
1257 1367 1418 1406 canem,

395 1423 567 1464 Dixisse
599 1424 753 1464 fertur:
786 1423 822 1464 si
854 1423 915 1465 sic
946 1423 1337 1465 immundissimum

396 1494 564 1548 Vixque
586 1497 735 1548 aptum
762 1494 813 1535 ad
841 1509 940 1535 usus
968 1494 1112 1548 diligit
1137 1494 1332 1536 dominus
1361 1510 1525 1536 canem:

358 1615 360 1617 v
397 1564 555 1613 Quanti
587 1564 694 1605 illud
726 1564 992 1618 aestimabit,
1026 1564 1061 1606 si
1094 1580 1170 1619 par
1204 1564 1344 1606 fecero

396 1635 614 1689 Officium,
647 1635 718 1690 qui
751 1650 844 1677 sum
876 1636 1002 1676 rebus
1035 1635 1183 1676 multis
1215 1635 1336 1676 utilis

395 1706 587 1760 Potuque
618 1706 781 1760 pariter
814 1710 856 1748 et
888 1706 983 1748 cibo
1016 1706 1172 1747 mundo
1204 1706 1341 1748 fruor!

393 1777 484 1819 Iam
517 1777 709 1830 tandem,
742 1776 911 1831 opinor,
942 1778 1115 1817 nostrae
1148 1776 1345 1818 fortunae
1378 1778 1516 1818 status

394 1847 442 1889 In
474 1847 627 1888 melius
660 1849 810 1888 vertet.
859 1846 979 1888 Haec
1010 1846 1109 1887 dum
1143 1861 1283 1887 secum
1317 1847 1490 1901 cogitat,

392 1918 577 1960 Intravit
610 1917 829 1959 stabulum
860 1917 1074 1958 dominus:
1108 1917 1293 1958 occurrit
1325 1917 1409 1958 cito

393 1989 647 2043 Rudensque
679 1988 888 2029 ambobus
921 1987 1076 2029 umeris
1109 1987 1294 2041 imponit
1324 1988 1453 2042 pedes

392 2059 637 2114 Gravatque
669 2073 821 2113 corpus
852 2058 1020 2100 insueto
1052 2058 1237 2112 pondere

391 2131 449 2172 Et
474 2131 663 2172 maculat
688 2132 851 2171 vestem
877 2129 1104 2184 ipsumque
1129 2128 1358 2171 lambendo
1385 2129 1551 2171 oblinit.

392 2200 591 2244 Clamore
623 2201 785 2242 domini
817 2201 1086 2242 concitantur
1117 2199 1302 2254 familia3

390 2272 618 2327 Arripimlt
650 2287 753 2314 saxa
785 2275 828 2314 et
860 2272 1012 2325 fustes,
1044 2274 1172 2326 atque
1205 2271 1437 2313 auritulum

392 2343 596 2384 Membris
629 2343 844 2397 costisque
876 2343 1024 2384 fractis
1058 2342 1110 2383 ad
1144 2342 1368 2397 praesepia

394 2412 637 2454 Detrudunt
670 2413 935 2455 semivivum.
969 2437 1021 2442 —
1056 2413 1231 2454 Fabella
1263 2413 1475 2464 admonet,

390 2482 582 2525 Melioris
616 2497 668 2524 ne
700 2483 886 2525 deterior
918 2483 1107 2525 officium
1140 2486 1330 2538 occupet.

917 2623 991 2665 IV.

777 2695 885 2728 LEO
911 2695 981 2727 ΕΤ
1008 2695 1134 2728 MVS.

638 2763 758 2806 (Rom.
787 2764 818 2806 l,
846 2768 898 2798 17.
950 2764 1011 2798 Dr.
1038 2775 1123 2809 app.
1152 2764 1198 2807 11,
1220 2765 1267 2806 4.)

459 2837 599 2878 Leone
631 2836 866 2878 dormiente
898 2851 1040 2879 mures
1074 2836 1221 2878 rustici

388 2907 707 2961 Lasciviebant3
742 2922 848 2948 unus
882 2923 1062 2964 quorum
1095 2907 1145 2949 de
1179 2920 1309 2963 grege

1688 184 1741 225 87

1696 588 1740 618 20

1695 939 1738 970 25

1693 1929 1734 1959 10

1691 2283 1732 2314 15
