2028 3310
283 232 338 275 82
787 233 1003 271 PHAEDm
1029 236 1340 271 FABVLARVM.

491 343 662 397 Rogare
694 344 853 397 coepit,
884 358 937 385 ne
971 359 1015 385 se
1047 344 1220 387 domino
1252 344 1461 398 proderet.
1511 376 1515 377 γ

496 413 700 462 Quamvis
733 414 907 468 indigne
938 415 1056 456 laesa
1087 415 1276 457 reticebo
1308 417 1474 468 tamen3

496 481 577 524 Sed
609 499 677 525 res
710 484 916 526 clamabit
947 485 1056 539 ipsa,
1090 485 1188 540 quid
1222 485 1466 539 deliqueris.

722 625 1378 739 [ΒΕΒΡΕΝΒΧΞῌΞΑΟΕΒΤΑ.
1388 693 1395 738 1

361 760 450 806 [Vbi
476 761 593 797 leonis
618 762 739 808 pellis
755 764 894 808 deficit,
921 765 1112 809 vulpinam
1138 764 1364 799 induendam
1389 775 1484 807 esse,
1505 764 1575 799 hoc
1602 766 1672 807 est,
1699 764 1762 799 ubi

728 823 903 859 deficiunt
927 824 1042 867 vires,
1067 824 1151 858 astu
1175 823 1382 869 utendum]

563 892 746 948 Serpens
773 896 978 937 lacertam
1006 896 1117 937 forte
1145 895 1367 937 adversam
1393 895 1640 949 prenderat;

492 963 628 1013 Quam
660 965 864 1007 devorare
896 966 1046 1019 patula
1078 981 1173 1007 cuin
1206 966 1336 1006 vellet
1368 965 1481 1018 gula,

491 1031 687 1088 Arripuit
718 1036 795 1076 illa
826 1051 957 1090 prope
988 1037 1198 1079 iacentem
1231 1035 1460 1088 surculum,

488 1104 546 1145 Et
578 1107 787 1159 pertinaci
821 1121 965 1148 morsu
998 1110 1290 1148 transversum
1321 1109 1471 1147 tenens

489 1174 673 1217 Avidum
706 1177 871 1218 sollerti
903 1177 1058 1219 rictum
1090 1177 1276 1218 frenavit
1307 1191 1438 1218 mora.
1810 1187 1829 1218 5

488 1245 696 1287 Praedam
729 1246 892 1288 dimisit
922 1261 995 1288 ore
1027 1262 1199 1301 serpens
1232 1248 1410 1288 irritam.

972 1388 1128 1430 XXIV.

796 1458 1030 1503 [coniux
1056 1460 1127 1494 ET
1155 1458 1309 1501 QVIS]

571 1527 723 1573 [Multos
750 1529 930 1564 lacessere
956 1529 1097 1564 debiles
1124 1530 1162 1563 et
1187 1528 1316 1563 cedere
1340 1527 1526 1572 fortibus]

558 1599 718 1643 Odiosa
749 1602 893 1644 cornix
927 1616 1055 1656 super
1087 1616 1209 1643 ovem
1242 1601 1510 1653 consederat;

489 1668 626 1718 Quam
658 1671 784 1713 dorso
818 1686 914 1713 cum
945 1672 1120 1714 tulisset
1151 1672 1289 1713 invita
1321 1674 1364 1712 et
1395 1671 1486 1712 diu:

486 1740 596 1795 Hoc,
627 1741 785 1796 inquit,
818 1742 854 1783 si
887 1742 1061 1784 dentato
1093 1742 1266 1784 fecisses
1301 1742 1409 1794 cani,

486 1811 651 1854 Poenas
685 1812 887 1855 dedisses.
949 1813 1034 1854 Illa
1064 1816 1214 1854 contra
1245 1813 1450 1867 pessima:

486 1882 685 1937 Despicio
718 1883 922 1938 inermes,
955 1884 1103 1925 eadem
1137 1884 1238 1925 cedo
1272 1883 1476 1935 fortibu83
1807 1894 1827 1924 5

485 1953 581 1996 Scio
615 1969 739 2009 quem
771 1955 1001 2009 lacessam,
1034 1955 1100 1996 cui
1133 1955 1282 1996 dolosa
1313 1953 1527 2006 blandiar3

486 2022 587 2065 Ideo
621 2027 837 2066 senectam
870 2025 989 2067 mille
1021 2026 1065 2067 in
1097 2040 1231 2066 annos
1263 2037 1460 2078 proroge.

979 2166 1114 2209 XXV.

734 2235 964 2280 [SERVVS
989 2237 1060 2269 m*
1086 2234 1370 2279 Dommvs]

551 2304 720 2349 [Nullum
747 2305 986 2340 maledictum
1014 2317 1093 2340 esse
1118 2305 1267 2350 gravius
1295 2304 1548 2348 conscientia]

555 2375 661 2418 Cum
695 2391 843 2418 servus
876 2392 1057 2432 nequam
1092 2377 1258 2419 Socrati
1293 2376 1577 2429 malediceret,

482 2447 670 2489 onrem
703 2447 861 2489 domini
895 2448 964 2503 qui
1000 2449 1263 2502 corrupisset
1295 2448 1371 2502 sui,

271 2638 291 2668 4
317 2633 510 2679 deliqueri,
537 2646 613 2669 una
633 2638 717 2680 post
743 2635 773 2670 ri
799 2636 921 2670 littora
946 2646 1048 2669 erasa
1073 2635 1118 2671 V.
1146 2634 1346 2680 deliqueris
1373 2634 1419 2669 N.

363 2693 480 2727 XXIII
513 2695 622 2728 inser.
649 2693 866 2729 insuendam
898 2693 936 2730 V.
978 2706 1048 2727 mm
1076 2694 1123 2728 N.
1216 2699 1224 2727 1
1258 2694 1455 2739 prenderat
1481 2692 1530 2735 N,
1568 2692 1756 2736 prenderit
1783 2692 1815 2725 Γ

270 2791 289 2820 4
316 2788 445 2822 tenens
471 2787 520 2830 N,
547 2761 682 2834 teneiiis
713 2788 752 2823 V.
827 2793 846 2821 Γ)
874 2789 1001 2824 solerti
1032 2788 1070 2822 Γ.

366 2846 501 2890 XXIV,
529 2851 544 2880 1
575 2847 699 2882 cornix
726 2847 775 2888 N,
808 2847 965 2882 coniunx
995 2847 1032 2881 1⁷.
1108 2852 1127 2881 3
1156 2847 1224 2882 hoc
1255 2847 1294 2889 Γ,
1321 2847 1330 2881 ἰ
1354 2875 1389 2883 ..
1419 2846 1463 2880 Ν.
1539 2850 1559 2880 4
1587 2845 1747 2891 pessima
1772 2845 1821 2889 N,

270 2905 466 2949 pessimam
496 2905 534 2941 V.
1292 2912 1300 2917 “

364 2964 474 3007 XXV,
501 2969 521 2998 2
549 2965 773 3010 corrupisset
802 2966 941 3005 Maius,
968 2965 1206 3010 corripuisset
1227 2965 1267 2999 V.
