2028 3310
277 213 333 255 94

715 213 929 249 PHAEDRI
956 211 1178 247 FABVLAE
1205 211 1382 247 NOVAE.

488 321 545 362 Hi
578 321 819 376 purpurati,
852 334 954 373 pace
987 323 1030 361 et
1061 319 1176 361 bello
1210 318 1385 360 strenui.

489 391 671 433 Gavisus
704 392 802 432 istis
835 391 983 432 simius
1016 389 1249 432 mendaciis

489 461 769 503 Remunerari
801 461 927 502 iussit
959 461 1176 502 hominem
1206 459 1409 514 praemio.

489 531 572 573 Hic
604 546 748 573 secum
779 546 925 574 verax:
958 532 1070 573 alter
1101 531 1137 572 si
1169 534 1258 572 tam
1291 528 1559 584 splendidum

491 602 670 656 Accepit
702 616 869 651 munus,
903 599 1143 656 dixit'quia
1174 600 1453 653 mendacium,

490 670 658 719 Quanto
691 671 901 726 donabor,
933 686 1079 713 verum
1113 671 1148 712 si
1180 671 1264 712 iam
1299 669 1475 711 dixero?

491 742 609 783 Haec
640 743 851 798 cogitanti
884 742 1052 784 simius:
1085 741 1224 796 qualis
1255 741 1338 782 tibi

490 812 585 867 Ego
612 812 758 854 videor
783 827 887 863 esse,
913 816 956 854 et
982 811 1128 867 quales
1154 811 1213 865 hi,
1239 810 1415 852 comites
1436 810 1549 851 mei?

491 883 747 937 Respondit:
780 886 822 924 et
854 886 900 925 tu
934 883 1082 924 simius
1115 881 1404 936 turpissimus,

491 953 549 995 Et
581 968 727 995 omnes
760 954 923 1007 pariter
955 953 1087 1002 simii,
1121 951 1283 993 similes
1315 951 1408 992 tibi.

491 1023 633 1065 Iratus
667 1024 806 1074 illum,
838 1024 1004 1065 dixerat
1035 1038 1182 1064 verum
1215 1022 1325 1077 quia,

494 1094 783 1136 Lacerandum
818 1095 1014 1149 propriae
1048 1095 1165 1148 gent-i
1199 1092 1331 1134 tradit
1364 1093 1526 1134 simius.

1001 1199 1117 1242 XVI.

761 1271 1006 1306 GLADrvs
1031 1271 1101 1303 ΕΤ
1126 1269 1351 1304 VIATOR.

707 1341 824 1385 (Rom.
851 1340 914 1383 IV,
936 1344 992 1402 2q.
1043 1340 1104 1375 Dr.
1132 1351 1216 1385 app.
1243 1339 1314 1384 111,
1335 1340 1405 1382 11.)

566 1412 765 1454 Gladium
798 1412 937 1454 viator
968 1412 1108 1454 media
1139 1411 1376 1466 proiectum
1409 1411 1479 1452 via

496 1483 666 1524 Invenit
698 1488 741 1524 et
772 1483 960 1538 rogavit:
993 1483 1088 1537 quis
1121 1486 1162 1523 te
1194 1481 1409 1536 perdidit?

499 1553 576 1595 Cui
611 1554 764 1595 telum:
799 1568 864 1594 me
897 1553 1066 1608 quidem
1100 1568 1219 1603 unus,
1252 1557 1296 1594 at
1328 1553 1470 1606 plures
1503 1565 1595 1606 ego.

568 1648 722 1689 Pereat
754 1648 1022 1703 priusquam,
1054 1647 1201 1688 multis
1234 1646 1410 1688 exitiost
1440 1659 1609 1688 nocenS.

991 1753 1129 1795 XVII.

655 1825 857 1859 VVLP1s
882 1825 946 1858 IN
972 1824 1248 1858 HOMINEM
1273 1823 1469 1856 VERsA.

639 1895 770 1938 (Anon.
791 1894 988 1929 XVissemb.
1009 1894 1053 1938 V,
1074 1898 1105 1928 9.
1156 1893 1217 1928 Dr.
1245 1904 1328 1938 app.
1357 1893 1408 1936 Π,
1429 1894 1475 1927 3.“ι

568 1966 781 2008 Naturam
812 1970 989 2021 turpem
1012 1966 1133 2008 nulla
1163 1965 1338 2006 fortuna
1369 1965 1550 2018 obtegit.

567 2060 812 2103 Humanam
838 2062 880 2103 in
909 2061 1094 2116 speciem
1120 2075 1216 2102 eum
1242 2060 1444 2102 vertisset
1468 2058 1663 2113 Iuppiter

496 2131 702 2186 Vulpem,
735 2132 944 2188 legitimis
976 2132 1126 2187 paelex
1159 2134 1207 2172 ut
1237 2131 1348 2172 sedit
1379 2129 1498 2181 toris,

498 2201 784 2244 Scarabaeum
817 2203 923 2244 vidit
955 2206 1252 2257 prorepentem
1285 2215 1334 2242 ex
1368 2200 1538 2254 angulo,

499 2273 744 2328 Notamque
771 2274 824 2315 ad
850 2273 1055 2328 praedam
1082 2272 1208 2315 celeri
1236 2271 1434 2325 prosiluit
1462 2270 1609 2325 gradu.

499 2343 651 2398 Superi
684 2345 834 2398 risere3
866 2357 1047 2398 magnus
1081 2342 1251 2384 erubuit
1281 2345 1416 2396 pater,

502 2413 768 2470 Vulpemque
800 2415 1067 2469 repudiatam
1102 2412 1306 2454 thalamis
1340 2412 1516 2465 expulit,

500 2484 580 2526 llis
614 2488 883 2539 prosecutus:
918 2485 1010 2526 vive
1044 2499 1126 2538 quo
1159 2483 1290 2537 digna
1323 2496 1366 2522 es
1402 2481 1538 2534 modo,

501 2555 611 2604 Quia.
643 2555 774 2610 (ligna
806 2556 965 2597 nostris
999 2569 1090 2596 csse
1125 2553 1289 2595 meritis
1321 2568 1407 2594 nou
1439 2556 1574 2606 potes.

984 2660 1143 2702 xvm.

847 2732 1050 2766 ASIN‘VS
1076 2733 1146 2764 ΕΤ
1172 2732 1283 2765 BOS·

708 2791 840 2832 (Anou.
868 2789 940 2825 Nil.
968 2794 1024 2824 3⁴.
1079 2789 1136 2823 Dr.
1164 2801 1248 2834 app.
1278 2789 1325 2829 11,
1348 2790 1416 2830 13.)

575 2862 744 2904 Asellus
777 2866 820 2903 et
850 2862 928 2903 bos
962 2875 1044 2903 uno
1078 2861 1227 2902 sociati
1262 2860 1363 2913 iugo

503 2934 747 2975 Plaustrum
775 2932 1018 2974 trahebant.
1069 2930 1154 2971 Bos
1179 2930 1277 2971 dum
1306 2930 1443 2971 tondit
1469 2929 1664 2975 validius.

1785 328 1831 358 15

1784 680 1831 709 ‘20

1790 1033 1833 1063 25

2012 2925 2028 3041 ..Onu-a
2013 2864 2028 2910 ⁴·-
2015 2832 2028 2844 ι
