2028 3310
531 237 594 272 DE
620 235 938 290 EMENDANDIS
965 234 1176 270 PHAEDRI
1203 234 1415 269 FABVLIS.
1701 234 1765 267 XV

219 344 378 399 aliquid
411 345 626 399 deperisse
656 358 742 385 11011
775 344 880 384 satis
913 345 1092 384 constat.
1154 341 1251 384 Non
1284 342 1423 382 minus
1457 341 1498 382 id
1531 344 1690 382 certum
1725 342 1767 381 in

222 416 333 457 libro
366 419 529 470 quarto.
574 415 638 456 De
670 414 799 455 tertio
832 414 941 454 libro
975 417 1016 454 et
1048 413 1187 466 primo
1218 427 1353 466 neque
1385 413 1577 466 negarim
1609 415 1767 453 temere

218 501 354 541 neque
387 485 650 527 affirmarim.
711 483 824 525 Nam
857 483 968 537 quod
1006 483 1049 523 in
1088 483 1226 536 primo
1258 497 1387 524 unam
1420 485 1533 524 certe
1564 482 1768 534 fabulam,

217 571 299 611 qua
331 557 503 598 arbores
537 554 836 596 inducerentur
867 553 1091 608 loquentes
1125 556 1304 606 apparet
1342 552 1589 606 desiderari,
1626 552 1767 606 potuit

217 626 359 667 omitti
392 626 539 667 fabula
571 625 660 666 eius
693 625 765 679 qui
799 623 1009 677 excerpsit
1030 622 1327 677 anthologiam
1348 622 1636 678 neglegentia.
1687 622 1769 670 Qui

217 696 387 751 quidem
419 697 461 736 in
494 682 653 737 fabulis
687 694 895 749 eligendis
929 694 1076 735 eodem
1109 692 1196 734 fere
1229 694 1395 747 iudicio,
1437 694 1525 735 sive
1557 692 1769 734 defectum

217 765 361 806 iudicii
394 766 528 807 mavis
562 765 720 818 dicere,
753 764 921 805 videtur
952 778 1044 804 esse
1077 778 1178 804 usus
1212 766 1339 817 atque
1372 764 1425 816 is,
1472 763 1542 817 qui
1576 762 1770 804 antholo-

217 837 330 889 giam
365 851 459 877 eam
491 837 541 877 de
574 849 656 889 qua
689 834 838 875 statim
866 833 1030 874 dicetur
1058 833 1319 887 compilavit.
1365 832 1591 873 Praeterea
1611 833 1769 886 pagina

216 906 398 947 traiecta
430 905 550 947 tertii
582 904 684 945 libri
716 904 912 958 epilogus
946 917 1040 944 cum
1061 903 1240 957 prologo
1263 902 1405 956 quarti
1437 903 1672 944 translatus
1706 906 1770 943 est

218 976 261 1016 in
293 977 422 1017 finem
452 975 554 1016 libri
587 974 747 1029 quarti,
790 973 933 1028 quarti
965 973 1161 1027 epilogus
1200 972 1278 1013 hac
1312 973 1403 1026 ipsa
1436 976 1484 1013 ut
1515 976 1620 1026 puto
1654 987 1771 1014 occa-

219 1047 336 1087 sione
381 1045 578 1087 detrusus
623 1045 668 1084 in
711 1044 738 1084 1.
772 1044 987 1098 quintum,
1036 1043 1110 1084 ubi
1155 1043 1389 1084 collocatus
1435 1047 1500 1084 est
1538 1047 1636 1097 post
1674 1043 1701 1084 f.
1734 1044 1771 1084 ἵ).

217 1115 414 1157 Alteram
446 1115 742 1169 anthologiam
774 1115 950 1169 perinde
983 1115 1167 1169 quinque
1194 1117 1464 1156 constantem
1496 1114 1619 1155 libris
1653 1114 1772 1155 duxit

218 1201 267 1226 ex
300 1185 531 1239 archetypo
564 1186 619 1239 is,
663 1186 735 1240 qui
773 1185 922 1227 recisis
956 1185 1156 1226 omnibus
1195 1200 1303 1239 quae
1339 1185 1390 1226 ad
1423 1184 1606 1225 Phaedri
1639 1185 1772 1225 vitam

219 1259 262 1297 et
294 1260 481 1298 aetatem
514 1260 758 1311 spectarent
790 1260 833 1297 et
865 1257 968 1297 adeo
1001 1257 1095 1310 ipso
1115 1256 1287 1297 nomine
1307 1255 1506 1308 auctoris,
1538 1255 1604 1296 cui
1629 1256 1772 1296 nescio

220 1341 273 1367 an
306 1327 581 1368 substituerit
613 1327 792 1380 Aesopi,
829 1327 940 1367 nihil
973 1326 1125 1368 habuit
1164 1326 1375 1380 propositi
1412 1326 1496 1366 nisi
1528 1330 1575 1366 ut
1608 1329 1773 1368 ext-aret

220 1396 388 1450 sylloge
421 1411 528 1451 quae
562 1396 614 1437 ad
645 1411 786 1437 mores
818 1396 1041 1437 hominum
1072 1397 1317 1437 formandos
1359 1397 1404 1437 in
1436 1396 1594 1437 scholis
1626 1399 1775 1450 posset

220 1466 317 1521 legi.
361 1465 500 1522 Igitur
533 1482 583 1508 ex
614 1467 805 1521 prologis
838 1467 946 1508 nihil
980 1467 1167 1508 servavit
1199 1467 1282 1508 nisi
1314 1481 1472 1520 paucos
1499 1481 1646 1508 versus
1679 1482 1774 1520 pro-

219 1537 416 1591 logorum
467 1537 567 1578 libri
604 1536 642 1591 Ι,
680 1536 764 1590 ΙΙΙ,
803 1537 877 1590 IV,
916 1537 968 1591 V,
1012 1537 1166 1590 quibus
1211 1550 1344 1591 genus
1378 1537 1479 1578 libri
1523 1540 1565 1577 et
1604 1537 1774 1578 fabulae

221 1621 328 1661 quae
372 1607 424 1648 ab
466 1607 639 1662 Aesopo
688 1609 823 1650 traxit
866 1622 1022 1653 nomen
1065 1611 1220 1649 natura
1264 1608 1604 1649 describerentur
1647 1608 1774 1648 simul

221 1678 431 1732 excerptis
462 1679 699 1733 nonnulliS,
732 1694 838 1733 quae
871 1679 923 1720 ad
956 1679 1100 1720 laudes
1132 1678 1337 1731 hominis,
1379 1678 1443 1719 cui
1483 1679 1774 1732 inscripsisset

223 1748 440 1803 syllogen‚
483 1750 761 1804 pertinerent.
829 1749 879 1790 In
916 1750 998 1791 fine
1031 1749 1171 1803 operis
1211 1749 1439 1790 collocavit
1477 1749 1588 1790 idem
1628 1763 1774 1790 versus

222 1817 387 1872 priores
420 1820 447 1860 4
480 1819 577 1873 epil.
609 1820 635 1861 1.
662 1819 703 1861 II
736 1835 831 1862 cum
862 1820 969 1874 prol.
997 1819 1073 1872 ΙΙΙ,
1098 1820 1164 1862 38.
1214 1820 1441 1861 Praeterea
1475 1820 1614 1874 operis
1645 1820 1775 1860 ratio·

222 1889 348 1930 nibus
387 1904 622 1945 congruum
662 1891 925 1932 existimavit
962 1891 1208 1945 promythia
1248 1894 1290 1932 et
1330 1890 1569 1944 epimythia
1606 1893 1775 1931 tantum

222 1973 309 2000 non
353 1960 495 2001 omnia
546 1961 771 2002 sententiis
821 1964 988 2001 mutare
1038 1961 1321 2014 pedestribus.
1401 1960 1577 2014 Alioqui
1628 1975 1775 2001 versus

223 2030 417 2083 legitime
450 2030 656 2071 discretos
688 2031 884 2071 servavit.
952 2030 1162 2084 Deinceps
1195 2031 1369 2072 turbato
1410 2030 1496 2071 iam
1528 2033 1576 2071 ut
1609 2030 1777 2071 videtur

224 2100 294 2141 hic
325 2100 413 2141 illic
446 2100 688 2142 fabularum
721 2101 867 2143 ordine
900 2105 1039 2142 totum
1060 2116 1164 2154 opus
1194 2101 1235 2142 in
1261 2115 1432 2155 prosam
1454 2101 1665 2142 convertit
1693 2115 1776 2142 ser-

224 2173 326 2211 vato
360 2171 529 2225 quidem
559 2185 735 2212 numero
767 2171 974 2212 librorum
1008 2174 1155 2212 auctor
1183 2185 1315 2225 aeque
1348 2185 1604 2225 anonymus,
1637 2186 1660 2212 a
1694 2186 1776 2225 quo

225 2241 356 2281 etiam
388 2255 439 2282 ex
470 2240 678 2282 Dositheo
712 2244 755 2282 et
788 2241 957 2283 aliunde
991 2241 1160 2282 additae
1199 2244 1299 2282 sunt
1330 2241 1519 2293 fabulae3
1558 2241 1630 2295 qui
1667 2241 1776 2283 liber

226 2311 384 2365 Aesopi
416 2311 588 2353 nomine
620 2311 851 2366 inscriptus
872 2311 1136 2366 posthabitis
1156 2311 1341 2352 Phaedri
1373 2311 1631 2353 carminibus
1665 2326 1775 2353 com-

226 2381 344 2422 muni
376 2381 598 2423 hominum
630 2381 922 2423 litteratorum
954 2398 1033 2423 usu
1064 2382 1150 2423 iam
1182 2382 1384 2436 opt-inuit.
1423 2382 1626 2423 Eiusdem
1657 2382 1776 2423 illius

227 2451 444 2505 exemplar
475 2452 679 2506 sylloges,
711 2452 782 2494 sed
804 2453 962 2494 omisso
986 2453 1096 2493 libro
1117 2452 1270 2506 primo,
1302 2452 1483 2493 fortasse
1505 2452 1635 2493 etiam
1655 2456 1776 2506 parte

227 2521 416 2575 secundi,
465 2524 688 2575 praeterea
736 2522 927 2564 disiectis
978 2523 1155 2564 mirifice
1200 2526 1243 2564 et
1287 2523 1451 2564 diffusis
1494 2523 1681 2576 paginis,
1732 2523 1776 2564 in

227 2590 399 2632 Italiam
432 2595 497 2633 est
529 2592 770 2644 advectum,
814 2608 947 2648 eoque
986 2598 1052 2635 est
1090 2608 1190 2635 usus
1223 2593 1444 2646 Perottus,
1488 2593 1558 2647 qui
1591 2593 1774 2634 Phaedri

227 2676 383 2703 nomen
414 2663 524 2716 quod
556 2666 782 2715 memorat,
823 2663 865 2704 id
897 2664 1071 2705 minime
1104 2664 1289 2717 petitum
1316 2668 1380 2704 est
1413 2678 1461 2704 ex
1494 2663 1588 2716 illo,
1621 2664 1693 2704 sed
1728 2679 1776 2705 ex

229 2731 479 2785 prohoemio
511 2733 679 2774 Aviani.
741 2733 958 2775 Hactenus
997 2734 1117 2775 haec:
1162 2748 1261 2774 nam
1299 2734 1349 2775 de
1382 2733 1548 2774 Perotti
1587 2735 1697 2775 curis
1736 2738 1776 2776 et

229 2802 279 2842 de
301 2802 460 2856 Aesopi
492 2803 636 2844 Latini
669 2804 712 2844 in
744 2803 893 2845 libello
925 2805 976 2845 de
1005 2803 1189 2845 Phaedri
1222 2808 1265 2844 et
1285 2804 1439 2844 Aviani
1466 2803 1623 2844 fabulis
1656 2803 1778 2858 (pgg.

230 2873 255 2912 9
276 2871 405 2928 —22)
437 2878 632 2915 accurate
664 2875 836 2915 dictum.
882 2875 1074 2916 Danielis
1108 2875 1254 2916 charta
1289 2888 1337 2914 ex
1365 2874 1612 2928 apographo
1634 2875 1777 2917 arche-

230 2943 323 2997 typi
357 2944 643 2998 antiquissimi
665 2945 834 2986 videtur
859 2960 950 2987 esse
970 2946 1114 2998 ducta,
1147 2945 1190 2986 in
1211 2960 1293 2999 qua
1315 2945 1613 3000 inscriptiones
1636 2950 1778 2987 esseut
