2028 3310
280 209 338 250 34
787 207 1003 243 PHAEDRI
1027 206 1327 241 FABVLARVM

492 316 613 366 Quod
644 316 758 357 bona
788 314 1019 369 possideat.
1081 313 1208 356 Stant
1237 313 1410 368 patroni
1440 312 1612 355 fortiter

493 385 676 428 Causam
708 387 879 426 tuentes
911 385 1151 426 innocentis
1182 384 1376 426 feminae.

562 456 600 496 A
632 455 744 496 Divo
776 455 974 510 Augusto
1006 457 1109 496 tunc
1140 455 1357 509 petierunt
1388 454 1558 506 iudices,

492 525 554 566 Vt
585 526 807 567 adiuvaret
838 525 942 567 iuris
974 525 1140 567 iurandi
1173 525 1311 575 fidem,
1791 532 1836 562 40
1895 575 1901 581 ,

495 596 615 644 Quod
648 597 766 650 ipsos
795 611 914 638 error
945 596 1229 650 implicuisset
1261 595 1464 637 criminis.

495 666 575 715 Qui
608 669 840 721 postquam
869 667 1069 708 tenebras
1103 666 1282 720 dispulit
1315 665 1552 707 calumniae

495 735 751 791 Certumque
782 737 944 779 fontem
978 737 1176 778 veritatis
1208 736 1413 790 repperit:

493 806 622 861 Luat,
654 808 812 862 inquit,
844 822 1003 862 poenas
1036 823 1165 849 causa
1196 807 1378 848 libertus
1412 805 1531 858 mali3

493 877 688 932 Namque
721 878 871 919 orbam
903 881 1005 919 nato
1040 877 1166 919 simul
1200 880 1241 918 et
1272 876 1488 930 privatam
1520 875 1613 916 viro
1793 885 1838 915 45

494 947 783 990 Miserandam
815 949 958 1003 potius
991 963 1119 1003 quam
1150 946 1434 989 damnandam
1467 945 1677 987 existimo.

496 1019 658 1068 Quodsi
690 1019 833 1061 delata
863 1022 1156 1073 perscrutatus
1190 1019 1369 1060 crimina

495 1089 812 1131 Paterfamilias
846 1092 976 1144 esset,
1010 1090 1046 1131 si
1077 1089 1344 1130 mendacium

497 1159 724 1201 Subtiliter
755 1161 972 1213 rimasset,
1005 1176 1029 1202 a
1059 1161 1274 1202 radicibus

495 1229 595 1270 Non
627 1231 853 1272 evertisset
885 1230 1042 1272 scelere
1075 1230 1245 1271 funesto
1278 1230 1463 1271 domum.
1797 1239 1840 1269 50

567 1299 639 1341 Nil
675 1303 849 1354 spernat
882 1301 1014 1353 auris,
1046 1315 1121 1342 nec
1154 1303 1300 1341 tamen
1332 1300 1478 1341 credas
1512 1299 1671 1353 statim,

498 1364 852 1425 Quandoquidem
885 1373 928 1412 et
959 1371 1025 1412 illi
1057 1373 1253 1425 peccant,
1285 1385 1391 1425 quos
1424 1370 1598 1411 minime
1630 1373 1768 1424 putes,

498 1441 555 1481 Et
587 1441 657 1495 qui
690 1456 775 1482 non
808 1444 1004 1495 peccant,
1037 1442 1329 1496 inpugnantur
1361 1440 1594 1481 fraudibus.

569 1511 662 1553 Hoc
695 1512 922 1553 admonere
955 1512 1172 1566 simplices
1206 1512 1336 1552 etiam
1368 1514 1525 1565 potest,

500 1581 710 1635 Opinione
743 1583 893 1623 altrius
925 1582 1082 1636 nequid
1114 1582 1367 1636 ponderent:
1798 1592 1842 1622 55

500 1652 695 1694 Ambitio
727 1666 911 1706 namque
944 1651 1152 1693 dissidens
1185 1652 1433 1695 mortalium

499 1723 586 1764 Aut
620 1723 785 1777 gratiae
818 1723 1050 1764 subscribit
1082 1726 1156 1764 aut
1187 1723 1283 1764 odio
1317 1737 1405 1764 suo.

499 1793 596 1835 Erit
628 1793 701 1834 il‘le
732 1796 878 1847 notus,
912 1808 1038 1848 quem
1069 1808 1144 1847 per
1174 1796 1217 1835 te
1250 1793 1514 1848 cognoveris.

570 1864 688 1906 Haec
721 1867 942 1906 exsecutus
977 1879 1070 1905 sum
1102 1867 1330 1918 propterea
1360 1864 1569 1918 pluribus,

501 1936 724 1977 Brevitate
755 1934 889 1976 nimia
921 1935 1123 1989 quoniam
1156 1935 1363 1989 quosdam
1397 1934 1659 1977 offendimus.
1801 1945 1845 1976 (30

290 2152 332 2182 37
360 2146 524 2192 possidet
551 2145 590 2182 V.
680 2150 723 2181 39
751 2146 879 2180 litteris
909 2145 1122 2180 maiusculis
1152 2146 1331 2190 ‘isdemque
1362 2145 1560 2179 rubriffltis
1598 2144 1698 2179 tituli
1729 2145 1847 2178 instar

290 2207 463 2241 scribitur
489 2207 529 2240 in
558 2204 644 2239 PR.
695 2205 883 2249 petierunt
910 2205 974 2246 M,
1000 2204 1140 2248 petiere
1171 2204 1257 2238 PR.
1326 2203 1537 2249 pontificem
1564 2202 1764 2237 maximum
1791 2213 1846 2236 ro-

290 2267 426 2309 garunt
451 2264 474 2299 i.
505 2265 542 2299 Γ.
617 2269 661 2299 40
686 2265 743 2310 ut]
771 2276 794 2298 11
821 2264 926 2298 etiam
954 2264 974 2297 l.
996 2264 1080 2297 mai.
1107 2267 1138 2296 et
1158 2263 1258 2298 rubr.
1285 2266 1422 2297 ararat.
1450 2263 1487 2296 in
1519 2262 1561 2297 P.
1631 2266 1671 2296 41
1701 2261 1847 2305 quando

301 2324 338 2359 Γ.
413 2327 562 2357 42—43
600 2323 773 2358 tenebras
802 2344 839 2348 —
870 2324 1084 2366 certumque
1110 2322 1227 2356 0m.1'.
1293 2322 1447 2367 dispulit
1474 2334 1520 2366 p,
1562 2320 1709 2355 distulit
1735 2320 1846 2364 PRy.

291 2386 336 2416 44
362 2382 386 2416 l.
413 2381 434 2415 i.
462 2394 496 2426 p.
528 2380 709 2426 pessimus
745 2381 898 2415 libertus
937 2392 1002 2415 om.
1030 2381 1119 2415 mali
1147 2380 1186 2415 Γ.
1256 2385 1299 2414 45
1326 2380 1435 2415 simul
1468 2392 1509 2415 111·
1540 2380 1579 2413 1'.
1654 2383 1697 2413 47
1724 2378 1849 2414 delata

292 2442 432 2482 Rurm-.‚
466 2439 675 2474 damnanda
704 2439 790 2474 PR.
840 2439 1006 2474 delatum
1038 2439 1129 2474 benc
1163 2441 1346 2473 scrutatus
1374 2439 1513 2474 crimen
1532 2439 1572 2473 Γ.
1653 2442 1696 2472 48
1730 2440 1850 2482 pater-

291 2499 452 2534 familias
475 2499 505 2532 1⁷
529 2499 580 2533 ed.
601 2499 726 2535 Broc,
753 2498 1024 2543 paterfamiliae
1049 2499 1091 2532 Ι).
1167 2502 1210 2532 49
1238 2498 1407 2533 rimasset
1426 2498 1700 2539 Laehmannus,
1726 2496 1849 2531 limas·

293 2561 348 2593 set
373 2558 451 2593 cdd.
533 2562 576 2591 50
603 2558 772 2600 dentum,
798 2558 838 2591 in
864 2568 951 2601 mry.
978 2568 1020 2591 m.
1044 2568 1102 2601 pr.
1130 2557 1279 2591 domum
1308 2557 1348 2591 Γ.
1429 2561 1470 2591 51
1499 2556 1551 2590 nil
1575 2556 1613 2598 Γ,
1641 2555 1732 2589 nihil
1762 2556 1848 2591 1'11'.

294 2617 421 2652 credas
445 2617 500 2660 M,
527 2616 653 2651 credat
672 2628 691 2650 v
720 2618 817 2660 (ante
841 2617 1099 2660 scrip-<cramus
1131 2628 1164 2650 11.
1193 2629 1218 2649 s.
1247 2615 1400 2658 animus,
1432 2627 1466 2650 11.
1492 2618 1518 2650 t.
1546 2614 1671 2650 credat
1698 2614 1849 2658 statim).

294 2681 337 2709 52
364 2677 471 2720 putas
489 2675 528 2710 V.
604 2679 753 2710 54—00
779 2686 844 2709 om.
863 2674 902 2709 Γ.
964 2679 1008 2708 54
1035 2685 1246 2709 ammonere
1279 2674 1361 2708 PR.
1441 2679 1484 2709 55
1511 2673 1640 2708 alti-ius
1670 2674 1731 2716 M,
1758 2674 1849 2709 alte-

294 2735 369 2769 rius
394 2746 424 2769 Διτ.
494 2733 630 2778 nequid
667 2733 873 2778 ponderent
899 2733 933 2767 Ι(
959 2745 1003 2767 m.
1024 2744 1100 2774 sec„
1138 2744 1183 2767 ne
1210 2733 1291 2777 quis
1318 2732 1497 2778 ponderet
1520 2732 1596 2767 J’R
1621 2744 1664 2766 m.
1683 2744 1740 2777 pr.
1768 2735 1851 2768 teste

306 2794 416 2837 Vino„
442 2793 495 2827 rel
521 2804 627 2827 asser.
647 2794 741 2827 Gud.
769 2804 813 2827 nc
841 2792 902 2836 qui
930 2791 1136 2836 sponderet.
1211 2796 1255 2825 :3⁴³
1283 2794 1506 2835 exsequutus
1533 2790 1578 2827 11³.
