2028 3310
272 191 329 232 64
777 188 991 224 PHAEDRI
1017 186 1317 223 FABVLARVM

480 297 792 351 Hominemque
823 296 976 350 plausu
1008 296 1289 348 prosecuntur
1319 293 1517 334 maximo.

482 368 576 409 Hoc
606 367 715 408 vidit
746 366 838 407 fieri
869 366 1068 407 rusticus.
1129 364 1228 406 Non
1260 363 1465 405 mercules

480 437 549 479 Me
580 437 740 491 vincet,
770 436 928 490 inquit:
961 438 1003 477 et
1036 435 1185 476 statim
1217 433 1432 488 professus
1466 435 1531 474 est

481 507 601 548 Idem
633 506 846 548 facturum
879 506 1033 548 melius
1067 521 1111 548 se
1143 495 1363 560 postridie.

481 577 552 619 Fit
583 577 711 618 turba
742 576 889 618 maior.
953 576 1046 617 Iam
1077 575 1198 617 favor
1230 577 1396 616 mentes
1429 576 1560 626 tenet,
1780 584 1824 615 25

482 648 541 689 Et
573 647 772 701 derisuri,
803 661 889 688 non
921 646 1155 701 spectaturi
1188 645 1348 687 sedent.

481 717 672 773 Vterque
703 718 859 772 prodit.
922 716 1076 759 Scurra
1108 715 1338 771 degrunnit
1369 715 1486 769 prior

482 788 711 843 Movetque
743 788 918 842 plausus
953 790 995 828 et
1027 788 1236 828 clamores
1267 786 1462 827 suscitat.

484 859 601 901 Tunc
633 859 840 901 simulans
875 872 965 899 sese
998 857 1267 899 vestimentis
1299 856 1484 898 rusticus

484 928 725 971 Porcellum
758 930 978 984 obtegere,
1011 926 1141 982 (quod
1173 927 1359 969 faciebat
1392 926 1568 980 scilicet,
1783 938 1828 967 30

486 998 583 1054 Sed,
615 1001 659 1041 in
689 1000 831 1054 priore
864 999 964 1054 quia
994 998 1056 1039 nil
1077 1000 1403 1052 compererant,
1434 996 1592 1051 latens)

484 1069 689 1111 Pervellit
721 1084 865 1111 aurem
898 1083 1014 1122 vero,
1047 1082 1172 1123 quem
1205 1068 1429 1120 celaverat,

485 1140 543 1181 Et
576 1154 671 1181 cum
702 1140 847 1181 dolore
879 1153 1026 1180 vocem
1058 1141 1235 1180 naturae
1269 1138 1482 1193 exprimit.

486 1210 714 1252 Adclamat
744 1211 928 1264 populus
960 1224 1149 1251 scurram
1181 1209 1318 1251 multo
1352 1209 1535 1250 similius

485 1281 709 1323 Imitatum
741 1284 784 1322 et
815 1280 934 1334 cogit
964 1279 1171 1321 rusticum
1203 1278 1318 1320 trudi
1349 1278 1483 1320 foras.⁴
1785 1289 1830 1320 35

486 1352 546 1393 At
577 1351 651 1392 ille
682 1350 846 1405 profert
876 1350 1020 1404 ipsum
1051 1349 1288 1404 procellum
1320 1363 1367 1390 ec
1399 1348 1507 1402 sinu,

486 1421 755 1475 Turpemque
787 1422 936 1474 aperto
967 1419 1147 1474 pignore
1180 1433 1369 1460 errorem
1400 1418 1604 1472 probans:

487 1492 555 1533 En
586 1492 656 1533 hic
689 1491 895 1544 declarat,
927 1490 1074 1544 quales
1109 1490 1206 1532 sitis
1239 1489 1418 1531 iudices!

1015 1631 1088 1673 VI.

397 1704 628 1749 {CALVVS
654 1705 724 1736 ET
751 1703 977 1743 QVIDAM
1002 1703 1194 1742 AEQVE
1220 1701 1366 1734 PILIS
1391 1699 1708 1744 DEFECTVS.]

559 1775 729 1817 Invenit
761 1774 904 1816 calvus
935 1771 1046 1815 forte
1078 1773 1122 1814 in
1152 1772 1281 1813 trivio
1313 1771 1540 1825 pectinem.

490 1847 685 1888 Accessit
717 1846 841 1899 alter,
875 1858 1007 1899 aeque
1039 1843 1228 1885 defectus
1260 1843 1375 1897 pilis.

489 1917 616 1959 Heia!
648 1916 800 1970 inquit,
826 1916 870 1956 in
897 1928 1119 1956 commune
1146 1913 1485 1968 quodcumquest
1509 1913 1634 1954 lucri!

492 1987 692 2029 Ostendit
725 1986 798 2040 illse
830 1985 1033 2039 praedam
1066 1987 1109 2026 et
1142 1983 1297 2026 adiecit
1330 1983 1476 2041 simul:

492 2057 699 2112 Superum
732 2057 931 2098 voluntas
964 2055 1089 2109 favit3
1123 2054 1195 2096 sed
1228 2054 1320 2096 fato
1352 2054 1506 2096 invidov

1814 2064 1834 2094 εἰ

280 2274 322 2305 21
351 2270 594 2315 prosecuntur
623 2268 667 2311 1²,
692 2267 966 2312 prosequuntur
999 2265 1039 2300 Γ.
1113 2269 1157 2299 22
1184 2264 1262 2299 fleri
1291 2264 1332 2298 Γ.
1382 2263 1562 2298 mercules
1590 2264 1645 2307 Μ,
1672 2274 1730 2298 me
1756 2263 1836 2298 her-

281 2330 382 2364 cules
410 2328 451 2373 Γ,
477 2326 686 2362 mehercule
718 2325 803 2360 PR.
879 2330 921 2360 23
950 2324 1065 2359 vincit
1093 2324 1132 2360 Γ.
1207 2328 1251 2358 24
1278 2325 1364 2368 post
1387 2322 1497 2358 tridie
1527 2323 1570 2357 P.
1645 2326 1689 2356 25
1715 2332 1781 2356 om.
1802 2322 1837 2355 B

281 2398 400 2422 errore
419 2397 620 2431 operm-um.
671 2384 796 2419 favore
812 2384 858 2425 R,
884 2395 957 2418 mm
975 2384 1012 2418 Γ.
1070 2387 1114 2417 26
1141 2384 1194 2417 ita
1216 2394 1263 2427 p,-
1290 2384 1328 2417 et
1347 2381 1549 2425 derimiros,
1575 2392 1648 2416 non
1670 2382 1837 2426 expecta-

281 2450 382 2481 turos
416 2446 705 2490 (exspectaturos
731 2443 766 2477 R
792 2446 863 2477 test.
896 2443 1015 2486 Vina,
1060 2444 1290 2487 spectaturos
1325 2443 1414 2476 idem
1447 2445 1622 2476 asserente
1647 2441 1757 2483 (ἤιά.)
1790 2439 1838 2474 sit

283 2508 319 2539 ut
347 2505 443 2547 PR,-
480 2507 518 2539 et
543 2503 727 2539 derisurus
753 2514 825 2537 non
852 2503 1071 2546 sequuturus
1098 2503 1304 2545 (secuturus
1329 2501 1386 2545 N)
1413 2499 1517 2534 sedet
1535 2499 1624 2537 NV.
1651 2511 1724 2534 arc.
1743 2500 1839 2544 quod

282 2567 322 2600 in
341 2566 415 2608 hoc,
441 2565 474 2599 si
490 2564 535 2598 M
537 2563 776 2598 endclssolmii
794 2563 936 2597 silentio
955 2562 1053 2604 tides,
1074 2561 1137 2605 legs⁴
1153 2560 1291 2595 sedent.
1342 2564 1386 2594 27
1408 2558 1605 2604 degrunnit
1617 2558 1667 2601 N,
1687 2558 1837 2603 digmu-

282 2624 339 2659 nit
361 2624 405 2668 1²,
431 2623 632 2667 degenerat
650 2622 689 2657 Γ.
765 2626 809 2657 28
837 2621 1034 2656 clamorem
1055 2620 1092 2655 Γ.
1167 2624 1210 2654 29
1237 2619 1367 2654 tuml'.
1417 2617 1562 2653 rusticis
1587 2616 1682 2659 PR,
1711 2627 1779 2650 non
1800 2615 1837 2651 Γ.

283 2688 322 2718 31
355 2694 421 2718 om.
449 2682 489 2716 Γ.
561 2681 611 2715 nil
638 2692 676 2724 r,
714 2680 805 2715 nihil
836 2680 922 2714 ΡΗ.
985 2681 1241 2723 compererant
1268 2679 1417 2723 Rigalt„
1444 2679 1674 2722 compererat
1704 2675 1790 2711 PR.

284 2747 327 2777 :3⁶2
354 2753 478 2777 aurem
506 2752 617 2786 porco
638 2741 673 2775 Γ.
749 2744 793 2774 34
821 2739 987 2774 acclama
1005 2739 1043 2772 Γ.
1102 2749 1228 2772 scurra
1251 2737 1341 2776 Ple,
1371 2748 1439 2771 non
1458 2736 1496 2772 Γ.
1571 2740 1614 2767 3⁴3
1643 2734 1781 2780 profert
1797 2733 1838 2777 Γ,

284 2801 447 2846 proferet
476 2800 560 2834 PR.
613 2811 653 2834 cc
683 2800 744 2841 M,
771 2810 790 2833 c
820 2798 913 2841 PR,
941 2798 984 2832 de
1016 2797 1052 2832 Γ.
1105 2797 1183 2831 sino
1215 2797 1299 2832 PR.
1374 2800 1416 2830 37
1445 2806 1475 2830 (ἱ.
1503 2795 1727 2839 exprobrans
1757 2793 1795 2829 Γ.

284 2865 328 2893 3⁸
355 2872 398 2893 en
426 2858 485 2894 hic
509 2858 548 2901 Γ,
578 2859 614 2893 1²
636 2870 679 2894 m.
706 2869 790 2900 sest,
817 2857 874 2891 oni
902 2856 961 2891 hic
988 2856 1036 2890 id.
1060 2867 1101 2890 m.
1119 2867 1176 2899 pr.
1228 2855 1383 2889 dedarat
1412 2854 1454 2888 1’.

382 2918 425 2952 vl
454 2919 561 2953 inser.
589 2929 704 2960 aeque
730 2928 795 2951 om.
823 2916 901 2950 edd.
976 2920 995 2947 3
1024 2914 1107 2949 huia
1138 2914 1179 2949 1'.
1231 2914 1265 2947 in
1294 2914 1377 2948 add.
1405 2914 1560 2947 Gronov.
