2028 3310
581 221 968 257 COMMENTARIVS
997 222 1046 256 IN
1075 222 1353 257 PHAEDRVM.
1662 225 1740 265 107

191 344 228 369 a.
261 344 293 370 v.
322 330 366 383 fi,
398 330 448 372 cf.
480 329 554 383 VI,
579 330 620 375 4„
653 331 670 370 1
706 329 968 371 Prometheus
998 330 1149 371 saeculi
1177 330 1327 383 fiyulns
1359 331 1463 371 not-i.
1519 345 1567 371 ac
1600 334 1742 373 tamen

194 400 332 454 magis
365 400 506 455 placet
539 400 649 455 quod
682 400 796 441 infra
829 403 893 441 est
925 399 1199 454 adscriptum.

313 471 378 524 16,
406 470 459 511 13
491 471 699 523 adposui&
744 470 806 511 ita
842 470 994 524 scripsi
1032 484 1108 524 pro
1147 471 1364 524 adplicui&
1411 485 1487 512 nec
1527 471 1640 512 enim
1678 477 1742 512 est

191 541 376 583 Phaedri
412 544 501 582 tam
539 540 689 595 putida
727 540 790 581 uti
827 540 1084 594 repetitione
1122 541 1365 595 verborum,
1409 541 1562 583 vitium
1600 544 1742 582 ortum

192 626 241 652 ex
272 626 395 652 versu
426 610 716 665 praecedente.

313 681 457 735 19,19
501 680 643 734 potuit
685 680 816 734 recipi
858 679 1124 734 Baehrensii,
1170 680 1408 735 Spengelii,
1459 681 1604 723 Zornii
1649 696 1743 723 con-

189 752 370 805 iectura,
401 751 483 793 nisi
517 750 676 805 duplici
708 750 925 792 laboraret
956 750 1245 804 incomm0d03
1285 766 1386 792 nam
1418 755 1461 793 et
1493 765 1743 805 supervaca-

189 837 317 864 neum
361 824 539 877 apparet
577 835 669 863 esse
706 821 813 863 illud
855 825 921 863 sat
962 835 1098 876 neque
1142 822 1279 863 ausim
1320 822 1508 863 tribuere
1547 821 1741 864 Phaedro

189 892 372 934 formam
410 893 541 934 talem
580 907 662 947 qua
703 895 744 933 et
781 892 872 946 ipse
911 891 1016 933 alibi
1058 895 1100 933 et
1138 906 1284 933 omncs
1324 892 1541 933 abstinent
1580 893 1743 934 satirici

190 965 359 1017 praeter
378 962 600 1005 Lucilium.
652 966 858 1018 quantum
891 963 942 1004 ad
976 962 1092 1017 leges
1126 962 1286 1004 vocalis
1308 966 1539 1017 correptae,
1572 963 1740 1017 quando

189 1034 382 1088 sequitur
419 1037 538 1075 muta
575 1048 669 1074 cum
706 1033 887 1088 liquida,
933 1033 1159 1074 convenire
1201 1033 1373 1074 omnino
1412 1033 1607 1075 Phaedro
1647 1048 1742 1075 cum

188 1103 414 1158 dactylicis
447 1104 587 1158 poetis
621 1106 687 1145 sat
719 1107 882 1145 notum.

311 1174 375 1228 19,
401 1175 458 1216 30
481 1175 717 1228 praemium
748 1175 773 1215 i.
795 1189 828 1215 e.
852 1188 1027 1227 poena-m
1059 1178 1108 1215 ut
1139 1174 1177 1228 I,
1207 1175 1272 1228 17,
1298 1175 1323 1215 9
1357 1188 1513 1216 merces.

310 1245 375 1297 19,
401 1245 457 1286 34
488 1245 694 1286 hominum
716 1245 978 1294 contnmelz'm
1011 1245 1074 1286 ita
1093 1247 1207 1286 recte
1227 1245 1359 1299 docti3
1390 1259 1491 1287 nam
1511 1260 1744 1300 numquam

189 1315 294 1357 alibi
326 1315 546 1357 Phaedrus
578 1315 779 1357 hominem
817 1315 924 1357 dixit
962 1330 1039 1370 pro
1067 1329 1209 1369 ρεπεν-ε
1245 1316 1442 1370 huma-1203
1493 1331 1622 1370 supra
1652 1331 1689 1358 V.
1717 1317 1742 1358 3

186 1386 398 1428 hominum
429 1387 691 1428 contumeliis.

305 1456 373 1509 22,
404 1458 422 1497 1
457 1457 590 1511 vulgo
625 1456 828 1498 scribitur
847 1470 923 1509 quo
942 1481 1000 1485 —
1021 1457 1147 1510 modo,
1178 1457 1318 1499 minus
1343 1458 1462 1512 bene,
1494 1472 1589 1500 cum
1611 1458 1744 1500 Phae·

188 1526 288 1568 drus
322 1526 459 1568 soleat
491 1526 628 1568 dicere
668 1540 746 1579 quo
774 1530 908 1579 paeto,
953 1541 1211 1582 quamquam
1251 1528 1389 1570 eidem
1430 1529 1592 1583 placuit
1631 1529 1743 1570 nullo

188 1598 313 1647 modo,
344 1597 475 1638 simili
507 1597 632 1638 modo.

304 1667 372 1721 23,
400 1668 424 1710 8
547 1670 639 1709 erat
672 1670 832 1717 autem,
865 1670 912 1708 ut
944 1667 1082 1720 aiunt,
1114 1671 1240 1710 natus
1274 1669 1319 1710 in
1352 1667 1430 1711 Cia
1460 1670 1612 1711 insula.

186 1738 292 1779 nihil
325 1741 391 1780 est
423 1737 671 1779 offensionis
704 1738 747 1779 in
781 1736 959 1779 elisione
990 1737 1112 1792 pedis
1146 1739 1302 1793 quinti3
1335 1753 1384 1781 ac
1414 1742 1560 1782 tamen
1592 1740 1740 1782 dubito

186 1809 446 1863 plerumque,
479 1823 533 1849 an
563 1811 678 1849 recte
710 1807 825 1849 doct-i
858 1807 1156 1850 damnaverint
1187 1809 1299 1851 hunc
1331 1824 1513 1851 versum.

305 1879 373 1933 23,
400 1879 454 1920 27
479 1879 592 1932 perit
627 1878 882 1933 perfectum,
926 1881 973 1919 ut
1012 1879 1085 1932 26,
1115 1880 1140 1920 6
1172 1881 1295 1932 petit&
1346 1879 1426 1922 hac
1465 1883 1607 1922 tamen
1646 1896 1742 1923 con·

186 1949 396 1991 tractione
429 1964 660 2004 numquam
692 1964 793 1991 usus
827 1952 891 1990 est
923 1949 1141 1991 Phaedrus
1181 1954 1352 2004 praeter
1383 1951 1522 1993 locum
1556 1955 1741 2005 sextum3

186 2035 285 2061 nam
318 2019 391 2073 VI,
417 2021 444 2060 4
474 2020 526 2061 12
558 2019 665 2061 illud
698 2020 800 2061 redit
830 2023 896 2061 est
927 2020 1135 2074 temporis
1166 2021 1418 2074 praesentis.

305 2091 374 2144 25,
400 2090 438 2144 5,
465 2091 491 2132 6
525 2090 576 2132 cf.
608 2091 636 2132 l.
667 2090 717 2132 de
750 2090 825 2131 Ph.
859 2093 901 2132 et
933 2090 1011 2131 Av.
1043 2090 1069 2132 f.
1102 2103 1172 2145 pg.
1194 2091 1260 2133 28.

305 2162 375 2211 25,
402 2161 427 2202 6
459 2164 551 2202 arta
585 2185 637 2189 --—
669 2162 808 2210 cletum·
854 2160 915 2202 ita
954 2175 1081 2215 supra
1123 2162 1185 2211 11,
1218 2161 1270 2202 12
1309 2162 1356 2203 de
1393 2161 1565 2214 flamma
1602 2163 1740 2213 deum,

187 2232 326 2286 magis
358 2234 503 2273 tamen
535 2231 689 2286 placet,
723 2231 834 2286 quod
867 2232 910 2272 in
942 2231 1056 2273 notis
1090 2235 1155 2273 est
1188 2231 1460 2287 adscriptum.

306 2302 374 2355 26,
401 2303 468 2356 23,
488 2303 515 2343 4
541 2317 709 2356 corpora
728 2302 911 2343 humana
930 2316 1057 2356 supra
1074 2303 1275 2354 formam,
1309 2317 1477 2356 corpora
1498 2304 1740 2357 appositum

187 2373 238 2414 ad
273 2374 444 2426 iuvenes,
475 2376 522 2414 ut
543 2373 764 2428 ap.Ve1·g.:
796 2377 832 2415 et
854 2387 931 2426 ros,
964 2373 1130 2415 oGrae's
1150 2374 1356 2427 inperdita
1375 2388 1555 2428 corpora,
1586 2374 1740 2416 Teucri.

188 2443 332 2498 itaque
364 2458 449 2484 non
483 2446 548 2485 est
579 2457 653 2485 cur
683 2444 733 2486 de
766 2444 1009 2486 accusativo
1043 2445 1294 2499 graecanico
1328 2445 1505 2499 cogites.

846 2573 998 2616 Liber
1028 2572 1080 2615 V.

305 2655 364 2697 Id.
396 2659 509 2710 poet.
544 2656 565 2696 7
610 2656 722 2708 trito,
764 2656 916 2698 caelato
947 2659 983 2697 et
1011 2669 1089 2698 usuv
1119 2656 1281 2709 detrito,
1330 2659 1378 2697 ut
1410 2655 1614 2698 Ludolfus
1648 2655 1738 2699 Ste-

187 2726 369 2781 phanius
402 2741 480 2768 nos
512 2726 667 2768 docuit.

309 2799 328 2838 1
364 2797 415 2839 cf.
447 2797 519 2839 lib.
551 2797 602 2838 de
635 2796 712 2837 Ph.
745 2800 785 2838 et
821 2796 897 2838 Av.
928 2796 1014 2838 fab.
1046 2809 1115 2851 pg.
1136 2797 1203 2849 28,
1230 2797 1268 2837 9.

307 2869 342 2920 1,
372 2869 391 2908 1
428 2882 683 2922 quamquam
718 2867 906 2920 fuerunt,
947 2868 1018 2922 qui
1057 2872 1295 2908 assererent
1328 2867 1594 2909 Demetrium
1628 2868 1738 2910 Pha—

186 2937 347 2980 lereum
380 2952 496 2980 more
528 2938 751 2993 tyrannico
785 2951 929 2979 curam
962 2937 1079 2979 urbis
1113 2937 1400 2990 Athenarum,
1442 2952 1466 2978 a
1499 2935 1738 2980 Cassandro
