2028 3310
822 214 968 248 LIBER
994 214 1054 250 IV.
1680 213 1734 253 47

400 322 495 364 Suis
528 322 734 377 ligaraiit,
766 325 813 363 ut
846 322 1120 375 conspicuum
1152 322 1196 362 in
1226 320 1390 375 proelio

399 391 621 433 Haberent
653 391 841 446 signum,
876 393 986 446 quod
1021 393 1296 446 sequerentur
1328 390 1499 444 milites⁷

398 461 585 503 Haesere
618 461 662 502 in
693 461 831 515 portis
865 468 1047 516 suntque
1080 461 1195 514 capti
1228 460 1280 501 ab
1314 460 1528 513 hostibus3

400 531 515 580 Quos
548 531 793 572 immolatos
826 531 964 572 victor
997 531 1133 572 avidis
1166 530 1363 571 dentibus

399 600 578 654 Capacis
611 601 698 642 alvi
731 601 881 642 mersit
912 603 1103 642 tartareo
1137 614 1277 654 specu.
1702 612 1741 641 lo

469 674 787 725 Quemcumque
812 671 1015 725 populum
1042 670 1179 711 tristis
1208 671 1382 710 eventus
1409 671 1577 724 premit,

398 741 671 782 Periclitatur
705 741 956 795 magnitudo
990 741 1247 795 principium

398 811 566 853 Minuta
597 812 743 866 plebes
776 812 893 854 facili
925 811 1137 866 praesidio
1170 811 1289 852 latet.

919 952 1012 993 VII.

791 1021 1135 1067 [PHAEDRvs.j1

467 1094 542 1147 Tu,
575 1094 660 1149 qui,
691 1096 855 1147 nasute,
888 1094 1051 1148 scripta
1082 1093 1314 1147 destringis
1348 1108 1443 1134 mea

398 1164 456 1205 Et
488 1164 567 1205 hoc
599 1164 790 1205 iocorum
822 1164 964 1218 legere
997 1164 1168 1205 fastidis
1201 1177 1347 1217 genus,

398 1235 536 1276 Parva
567 1235 772 1276 labellum
806 1235 970 1277 sustine
1002 1235 1226 1289 patientia,

400 1306 683 1346 severitatem
714 1306 870 1346 frontis
904 1305 1000 1346 dum
1035 1306 1154 1360 placo
1188 1309 1298 1358 tuae,

1721 1386 1740 1415 25!

399 1375 456 1416 Et
490 1376 532 1416 in
566 1376 785 1417 cothurnis
818 1376 962 1430 prodit
995 1376 1186 1430 Aesopus
1219 1377 1353 1417 novis.

470 1446 648 1487 Vtinam
682 1462 766 1488 non
798 1461 984 1500 unquam
1017 1447 1125 1488 Pelii
1158 1447 1343 1488 nemoris
1377 1447 1477 1501 iugo

399 1517 531 1558 Pinus
563 1517 727 1572 bipinni
762 1517 1018 1559 concidisset
1051 1517 1279 1558 Thessala-1

398 1587 488 1629 Nec
521 1587 572 1628 ad
605 1587 822 1641 professae
856 1588 1007 1629 mortis
1042 1588 1242 1629 audacem
1276 1588 1388 1628 viam

398 1658 669 1700 Fabricasset
702 1658 845 1713 Argus
879 1672 1010 1712 opera
1041 1658 1238 1700 Palladia
1269 1661 1420 1712 ratem,

401 1729 679 1783 Inhospitalis
712 1729 852 1783 prima
883 1743 989 1784 quae
1021 1729 1140 1783 ponti
1176 1729 1292 1770 sinus
1701 1739 1743 1769 10

399 1799 611 1841 Patefecit
643 1799 685 1839 in
719 1799 952 1853 perniciem
984 1798 1162 1840 Graium
1195 1802 1238 1840 et
1270 1798 1518 1839 barbarum!

398 1870 596 1924 Namque
630 1873 672 1911 et
704 1870 876 1923 superbi
908 1869 1029 1923 luget
1061 1870 1220 1911 Aeetae
1253 1869 1415 1923 domus,

400 1941 458 1981 Et
490 1953 622 1995 regna
654 1940 798 1981 Peliae
831 1940 989 1981 scelere
1022 1939 1195 1981 Medeae
1228 1940 1379 1993 iacent,

402 2010 520 2059 Quae
553 2024 725 2051 saevum
758 2010 979 2064 ingenium
1012 2010 1141 2051 variis
1174 2010 1395 2051 involvens
1423 2009 1532 2051 dolis

402 2080 497 2121 Illic
529 2094 603 2134 per
635 2083 753 2121 artus
786 2080 933 2121 fratris
967 2080 1170 2134 explicuit
1201 2080 1361 2134 fugam,
1702 2091 1742 2120 15

400 2151 482 2192 Hic
515 2150 641 2192 caede
674 2151 808 2204 patris
841 2150 1062 2192 Peliadum
1095 2151 1243 2192 infecit
1274 2166 1437 2201 manus,

473 2221 583 2270 Quid
609 2221 690 2262 tibi
715 2221 911 2262 videtur?
945 2221 1039 2263 Hoc
1066 2236 1232 2276 quoque
1258 2222 1523 2275 insulsumst,
1551 2220 1626 2274 ais,

402 2292 612 2346 Falsoque
644 2291 822 2347 dictum3
857 2292 983 2347 longe
1017 2293 1116 2347 quia
1146 2293 1356 2334 vetustior

192 2474 234 2503 13
261 2468 380 2514 plebis
411 2467 506 2509 PR,-
533 2468 573 2501 in
597 2467 661 2502 hoc
686 2478 729 2502 em
754 2467 872 2512 plebis
897 2468 1031 2511 factum
1059 2467 1175 2513 plebs,

285 2527 350 2561 Vll
377 2528 484 2561 inser.
512 2526 649 2560 Fedrus
678 2526 722 2569 P,
748 2537 821 2561 non
847 2527 892 2561 R.
947 2532 960 2561 1
990 2526 1188 2571 destringis
1216 2527 1401 2571 J?ztttersh.‚
1427 2526 1617 2571 distringis
1647 2527 1688 2560 P.

191 2591 210 2620 3
238 2597 351 2632 parva
364 2585 513 2630 Riyalc„
541 2597 607 2629 par
630 2585 671 2619 1².
722 2585 900 2620 labellum
921 2586 1027 2630 Bous]
1042 2614 1049 2628 ‚
1070 2586 1202 2629 Bentl„
1228 2585 1396 2621 libellum
1417 2587 1494 2620 ccld.
1546 2590 1577 2628 4,
1599 2590 1618 2619 5
1646 2587 1741 2620 tuae.

191 2646 266 2689 En,
305 2645 502 2679 Meursius.
585 2648 604 2677 5
632 2642 792 2678 coturnis
822 2644 907 2678 PR.
965 2643 1069 2679 nobis
1097 2643 1190 2687 PR,
1224 2656 1313 2679 corr.
1336 2656 1374 2688 p.
1450 2649 1470 2677 6
1495 2656 1566 2679 non
1599 2645 1659 2687 M,
1698 2656 1742 2679 ne

194 2704 290 2745 PR·
315 2714 383 2738 nec
408 2703 524 2748 RongJ.
575 2702 668 2737 Pelii
695 2703 860 2746 Salmas„
886 2702 989 2737 Pelei
1017 2703 1102 2737 PR.
1179 2707 1196 2737 7
1225 2702 1373 2747 bipenni
1399 2702 1454 2743 B‚·
1485 2703 1528 2736 (le
1552 2702 1587 2736 R
1610 2714 1743 2747 parum

191 2766 339 2798 constat.
415 2766 434 2797 9
462 2773 574 2807 opera
599 2761 768 2796 Palladia
796 2763 852 2806 M,
879 2773 988 2807 opere
1014 2761 1183 2797 Palladio
1212 2773 1240 2796 v.
1312 2767 1350 2795 11
1380 2760 1578 2805 perniciem
1606 2773 1638 2803 v,
1664 2773 1743 2806 per-

191 2821 319 2857 nitiem
349 2821 392 2857 P.
485 2825 526 2855 12
554 2822 676 2855 aetate
706 2820 749 2864 1²,
792 2822 908 2856 A’etae
939 2821 992 2857 ed.
1017 2821 1143 2863 Broc,
1188 2821 1325 2854 Aeetae
1346 2831 1385 2863 p.
1480 2824 1521 2854 13
1548 2820 1686 2854 scelere
1713 2831 1743 2864 τ’,

193 2882 288 2917 scele
318 2881 360 2916 P.
438 2884 479 2915 14
505 2879 599 2914 dolis
625 2880 765 2924 Heius„
792 2879 910 2914 modis
939 2879 1025 2914 PR.
1101 2884 1144 2914 1ss
1170 2878 1358 2913 interfecit
1385 2878 1477 2923 PR,
1503 2889 1593 2914 corr.
1615 2890 1654 2923 p.

195 2944 236 2975 17
265 2939 317 2975 ait
345 2939 438 2983 PR,
464 2949 554 2974 corr.
575 2950 614 2983 p.
