2028 3310
162 218 165 221 ’
217 219 302 254 XIV
877 217 1036 252 CAPV'P
1062 218 1106 251 ΙΙ.

225 327 427 368 insecutis
461 326 733 380 antiquitatis
767 325 947 366 saeculis
985 324 1146 366 multos
1184 324 1406 365 habuisset
1444 322 1510 364 sui
1550 321 1775 385 studiosos,

224 397 364 437 medio
397 400 538 438 autem
581 411 685 437 aevo
723 394 895 436 fabulae
933 394 1120 435 eiusdem
1159 394 1378 435 lectitatae
1423 394 1567 434 essent
1604 392 1772 446 saepius

224 481 350 520 quam
395 467 649 520 descriptae,
692 469 739 507 ut
779 479 989 519 perpauca
1027 479 1171 506 earum
1216 464 1268 505 ad
1309 462 1413 504 illud
1457 465 1646 515 tempus,
1690 476 1773 516 quo

222 537 503 579 humanitatis
531 536 672 577 studia
698 538 799 577 sunt
823 538 984 588 renata,
1013 534 1274 588 exemplaria
1291 534 1644 588 propagarentur,
1674 531 1773 572 ulti-

222 621 316 648 mus
350 599 611 648 calamitatis
645 606 825 648 accessit
857 606 1062 658 cumulus,
1093 607 1141 646 ut
1166 619 1220 645 ne
1244 603 1291 644 hi
1317 603 1497 658 quidem,
1530 617 1635 657 quos
1655 604 1773 643 aetas

225 677 396 730 tulerat,
436 677 536 718 libri
569 680 793 718 manerent
823 676 983 730 integri
1020 675 1070 716 ad
1109 677 1305 716 nostrum
1342 677 1530 727 tempus,
1574 686 1656 727 quo
1689 672 1773 726 pri-

223 761 338 788 mum
372 747 628 801 scriptorum
660 751 851 789 veterum
884 746 1048 788 codices
1091 760 1173 800 qua
1210 745 1331 786 decet
1368 743 1580 785 industria
1618 746 1661 784 et
1691 742 1774 784 fide

225 818 365 858 excuti
410 829 508 858 sunt
551 818 702 872 coepti.
770 817 834 859 De
867 832 950 871 qua
987 831 1032 858 re
1072 816 1151 858 etsi
1192 815 1359 869 pridem
1397 814 1624 855 constabat
1661 812 1774 853 inter

222 886 416 929 homines
449 887 660 941 literatos,
692 887 876 929 certiora
908 887 1039 928 etiam
1071 900 1164 927 sum
1198 885 1371 926 edoctus
1393 884 1545 925 itinere
1566 898 1628 936 eo,
1661 882 1773 937 quod

220 960 384 998 aestate
423 958 522 999 anni
563 957 688 999 modo
728 957 863 1011 elapsi
903 956 1140 998 studiorum
1180 969 1308 996 causa
1339 955 1384 996 in
1416 953 1603 996 Galliam
1636 967 1773 994 susee-

218 1041 377 1080 peram.
432 1027 549 1077 Quae
581 1042 677 1069 cum
709 1027 771 1068 ita
803 1027 907 1078 sint,
938 1041 1026 1067 non
1058 1026 1139 1067 erit
1171 1025 1321 1067 inutile
1354 1040 1449 1066 cum
1481 1038 1579 1065 cura
1605 1024 1774 1065 demon-

221 1101 374 1152 strare,
413 1098 564 1152 quibus
597 1098 770 1139 tandem
802 1097 1002 1138 subsidiis
1043 1097 1232 1137 nitamur
1270 1097 1313 1137 in
1351 1111 1463 1137 nova
1495 1109 1623 1149 quam
1655 1108 1773 1148 para-

222 1183 315 1209 mus
346 1169 595 1210 recensione
627 1168 871 1210 fabularum
897 1166 1091 1208 Phaedri.

337 1238 418 1280 Sed
451 1239 500 1280 de
532 1239 599 1279 his
633 1242 863 1292 antequam
895 1237 1074 1289 dicatur,
1107 1235 1403 1290 exponendum
1436 1238 1513 1288 est,
1547 1234 1646 1288 quid
1666 1200 1773 1276 mihi

220 1309 401 1349 multum
441 1308 646 1350 meditato
687 1307 959 1350 statuendum
1004 1321 1097 1348 esse
1135 1306 1329 1348 videatur
1367 1305 1418 1347 de
1450 1305 1666 1347 communi
1695 1305 1772 1346 illo

220 1379 517 1434 antiquissimo
551 1379 675 1433 libro,
708 1394 758 1421 ex
791 1393 874 1433 quo
908 1380 950 1419 et
979 1377 1144 1419 codices
1169 1376 1411 1418 fabularum
1445 1375 1516 1430 qui
1550 1378 1699 1417 extant
1731 1379 1774 1417 et

220 1449 383 1504 Aesopi
414 1449 536 1491 fluxit
566 1449 854 1504 paraphrasis.

334 1519 475 1574 Igitur
508 1520 568 1562 sic
600 1520 779 1562 habeto:

335 1590 703 1644 Merovingiorum
737 1592 878 1631 aetate
912 1603 1007 1631 cum
1038 1588 1192 1629 fuisset
1222 1588 1268 1629 in
1289 1587 1432 1629 Gallia
1460 1588 1610 1641 codeX,
1640 1587 1775 1630 Phae-

217 1660 282 1701 dri
314 1661 558 1702 fabularum
591 1661 777 1715 quinque
817 1660 889 1715 qui
927 1660 1165 1701 contineret
1203 1659 1357 1712 libros,
1403 1659 1660 1713 capitalibus
1698 1659 1773 1701 ille

219 1731 375 1773 litteris
409 1734 608 1772 exaratus
642 1734 683 1772 et
716 1730 930 1772 distinctis
962 1729 1157 1783 legitime
1188 1729 1401 1782 versibus,
1435 1729 1506 1770 sed
1538 1729 1650 1771 male
1683 1744 1773 1772 eor-

217 1804 368 1855 ruptus
412 1801 545 1856 idem,
595 1817 645 1843 ex
688 1802 769 1844 hoc
814 1801 900 1842 sive
946 1815 996 1841 ex
1041 1799 1292 1854 apographo
1339 1800 1428 1842 eius
1468 1804 1668 1855 excerpta
1709 1804 1775 1843 est

219 1871 472 1927 anthologia
497 1873 590 1926 illa,
623 1887 730 1927 quae
758 1875 926 1914 servato
953 1885 1129 1912 numero
1158 1870 1382 1925 librorum,
1413 1871 1606 1912 versibus
1626 1874 1773 1913 tamen

217 1943 420 1984 continua
453 1943 639 1985 exaratis
673 1943 901 1997 scriptura,
933 1945 981 1982 ut
1006 1955 1093 1983 non
1118 1941 1339 1982 differrent
1372 1941 1512 1995 specie
1533 1957 1557 1983 a
1578 1957 1773 1984 sermone

215 2012 419 2066 pedestri,
458 2013 643 2066 repetita
676 2015 741 2054 est
773 2012 988 2054 codicibus
1021 2010 1258 2052 Pithoeano
1299 2026 1348 2052 ac
1379 2011 1591 2054 Remensi.
1652 2012 1773 2054 Haec

219 2083 387 2124 etiamsi
430 2082 674 2124 abundabat
712 2083 828 2124 vitiis
867 2082 1025 2136 partim
1063 2081 1259 2136 repetitis
1300 2096 1349 2123 ex
1388 2082 1530 2123 codiee
1569 2083 1645 2124 illo
1685 2083 1771 2137 ple-

215 2153 347 2206 niore,
379 2152 487 2194 unde
509 2156 575 2194 est
597 2155 807 2207 excerpta,
838 2152 995 2206 partim
1029 2152 1185 2193 additis
1213 2151 1266 2192 ab
1288 2151 1381 2205 ipso
1403 2151 1595 2206 librario,
1626 2156 1772 2195 tamen

217 2223 346 2264 etiam
379 2226 506 2277 atque
539 2223 669 2264 etiam
702 2223 959 2264 monendum
997 2222 1223 2275 archetypi
1255 2221 1386 2274 illius,
1420 2223 1492 2276 qui
1513 2224 1770 2277 capitalibus

218 2293 375 2334 litteris
409 2293 490 2334 fuit
523 2295 732 2344 exaratus,
765 2292 950 2346 speciem
983 2295 1111 2346 atque
1144 2291 1248 2332 adeo
1281 2291 1417 2345 ipsius
1438 2291 1622 2334 Phaedri
1642 2294 1770 2335 verba

215 2364 350 2405 multo
396 2363 549 2404 melius
594 2378 721 2417 quam
766 2363 1028 2404 membranis
1070 2361 1263 2403 Danielis
1309 2364 1350 2403 et
1388 2361 1554 2404 Perotti
1599 2367 1770 2405 servata

217 2448 309 2475 esse
342 2433 543 2475 Remensi
576 2448 624 2475 ac
657 2433 905 2475 Pithoeana.
973 2432 1065 2482 Quo
1099 2432 1238 2486 magis
1271 2432 1488 2486 impellor,
1531 2436 1575 2474 ut
1608 2434 1658 2476 de
1692 2434 1770 2476 illa

218 2519 425 2558 exponam
457 2504 670 2546 subtilius.

334 2574 473 2627 Igitur
511 2590 767 2630 quamquam
806 2589 890 2616 non
930 2578 994 2615 est
1033 2575 1186 2615 mirum
1233 2575 1286 2615 ab
1328 2589 1395 2628 eo,
1440 2575 1511 2629 qui
1557 2575 1769 2630 excerpsit

215 2660 307 2685 eum
342 2660 389 2685 ex
424 2644 677 2699 archetypO,
717 2659 766 2686 ex
800 2644 980 2697 singulis
1020 2644 1141 2685 libris
1175 2644 1299 2685 modo
1332 2643 1475 2698 plures
1509 2644 1633 2686 modo
1666 2660 1767 2699 pau-

215 2716 348 2756 μίμνει»-
383 2716 540 2757 electas
574 2715 756 2767 fabulas,
788 2718 933 2756 tamen
966 2715 1033 2755 vix
1069 2718 1133 2755 est
1164 2714 1388 2768 probabile
1422 2729 1516 2755 eum
1550 2730 1598 2756 ex
1632 2715 1766 2757 altero

215 2790 322 2838 orto,
355 2801 402 2826 ex
438 2786 587 2839 quinto
621 2786 767 2827 decem
800 2786 1021 2826 adsumere
1055 2785 1158 2825 satis
1193 2785 1392 2826 habuisse
1426 2785 1605 2827 fabulas.
1656 2786 1713 2827 Et
1745 2802 1766 2827 e

215 2856 322 2897 libro
356 2856 538 2897 secundo
572 2856 848 2908 anthologiam
887 2859 983 2910 post
1015 2873 1046 2896 υ.
1074 2857 1118 2901 4.
1164 2871 1184 2896 e
1217 2856 1366 2910 quinto
1407 2858 1499 2909 post
1541 2856 1766 2910 prologum

214 2927 420 2982 quaedam
466 2927 699 2980 intercepta
745 2928 838 2980 ipsa
890 2942 933 2967 re
978 2926 1189 2967 docemur.
1269 2926 1379 2968 Nam
1426 2927 1466 2968 in
1513 2928 1593 2967 fine
1640 2927 1764 2969 huius
