2028 3310
839 195 983 229 LIBER
1008 194 1070 229 IV.
1674 193 1731 233 43

940 302 971 343 Ι.

689 371 906 415 [ASINVS
932 373 1002 404 ET
1029 372 1231 417 GALLL]

464 443 546 492 Qui
577 445 704 483 natus
737 445 801 484 est
833 442 999 495 infelix,
1031 457 1117 483 non
1149 444 1283 484 vitam
1315 443 1440 485 modo

393 513 581 555 Tristem
613 513 809 566 decurrit,
841 527 986 554 verum
1018 516 1117 567 post
1149 514 1315 554 obitum
1348 527 1515 568 quoque

393 583 669 638 Persequitur
701 582 824 623 illum
856 582 961 624 dura
992 582 1069 624 fati
1102 583 1285 625 miseria.

465 653 578 694 Galli
611 652 804 707 Cybebes
837 653 995 694 circum
1026 653 1071 694 in
1103 657 1303 707 quaestus
1337 654 1486 695 ducere

393 724 575 765 Asinum
607 723 773 764 solebat
804 722 1068 764 baiulantem
1102 725 1301 766 sarcinas.
1715 734 1735 764 5

393 795 435 835 Is
468 808 564 835 cum
595 793 741 834 labore
775 795 817 834 et
849 793 988 847 plagis
1021 797 1133 835 esset
1166 797 1373 847 mortuus,

394 865 598 906 Detracta
628 864 741 918 pelle
774 864 855 905 sibi
887 864 1079 905 fecerunt
1111 867 1327 919 tympana.

393 935 551 990 Rogati
582 949 678 975 mox
713 950 738 976 a
770 935 969 989 quodam,
1001 935 1154 976 delicio
1187 951 1262 976 suo

394 1005 606 1054 Quidnam
637 1005 855 1059 fecissent,
886 1005 966 1046 hoc
998 1005 1127 1046 iocati
1161 1008 1260 1046 sunt
1294 1006 1438 1046 modo:

393 1076 580 1117 Putabat
612 1090 657 1117 se
688 1079 787 1130 post
818 1080 1000 1118 mortem
1033 1091 1225 1118 securum
1258 1078 1365 1128 fore,
1692 1087 1736 1117 10

392 1146 503 1188 Ecce
535 1146 645 1188 aliae
677 1146 830 1201 plagae
863 1149 1152 1201 congeruntur
1184 1148 1365 1188 mortuo.

851 1276 1075 1391 [Polla]

464 1418 654 1459 Ioculare
687 1418 769 1459 tibi
801 1418 985 1472 videtur,
1018 1421 1060 1459 et
1093 1433 1194 1460 sane
1227 1419 1323 1472 levi,

394 1489 507 1530 Dum
538 1489 601 1529 nil
632 1488 840 1530 habemus
871 1488 1027 1541 maius,
1059 1489 1223 1530 calamo
1256 1488 1454 1529 ludimus.

395 1559 477 1601 Sed
509 1558 738 1613 diligenter
770 1559 935 1600 intuere
966 1559 1044 1600 has
1077 1559 1243 1601 nenias:

394 1630 609 1679 Quantam
641 1630 718 1671 sub
751 1629 838 1671 illis
869 1629 1106 1672 utilitatem
1138 1631 1342 1685 reperies!

393 1701 494 1743 Non
525 1716 692 1755 semper
724 1716 774 1742 ea
805 1703 922 1754 sunt,
955 1715 1064 1755 quae
1096 1701 1310 1755 videntur3
1344 1701 1503 1755 decipit
1716 1710 1736 1740 5

395 1772 529 1813 Frons
561 1771 699 1826 prima
732 1771 908 1812 multos:
940 1786 1039 1812 rara
1071 1786 1190 1812 mens
1222 1771 1450 1825 intellegit,

395 1842 518 1892 Quod
548 1842 752 1884 interiore
784 1841 974 1883 condidit
1005 1856 1106 1882 cura
1139 1842 1308 1897 angulo.

395 1914 487 1955 Hoc
520 1928 573 1954 ne
605 1913 772 1954 locutus
806 1912 896 1953 sine
928 1912 1119 1954 mercede
1151 1913 1385 1966 existimer,

395 1984 618 2026 Fabellam
651 1983 829 2025 adiciam
861 1983 911 2023 de
943 1983 1126 2024 mustela
1158 1987 1200 2025 et
1232 1984 1436 2025 muribus.

466 2055 653 2097 Mustela
683 2069 779 2096 cum
811 2054 931 2095 annis
965 2069 1010 2095 ec
1042 2058 1214 2096 senecta
1245 2053 1398 2095 debilis
1695 2065 1737 2095 10

395 2127 539 2168 Mures
571 2125 737 2167 veloces
768 2140 854 2167 non
886 2125 1047 2167 valeret
1080 2125 1264 2180 adsequi,

338 2203 342 2206 ”
396 2197 583 2239 Involvit
614 2211 658 2238 se
689 2196 829 2238 farina
861 2199 903 2238 et
936 2196 1116 2237 obscuro
1148 2196 1242 2238 loco

397 2267 569 2310 Abiecit
599 2267 882 2322 neclegenter.
942 2266 1038 2308 Mus
1071 2281 1212 2308 escam
1243 2269 1400 2321 putans

398 2337 588 2381 Adsiluit
619 2342 662 2381 et
693 2353 953 2393 conprensus
979 2337 1179 2380 occubuit
1208 2337 1314 2379 neci.

280 2445 294 2480 I
321 2445 429 2479 inser.
455 2442 595 2488 gallina
623 2442 710 2476 PR.
784 2447 806 2476 4
833 2441 996 2486 Cybebes
1024 2442 1112 2476 PR.
1162 2441 1199 2476 iu
1226 2441 1421 2476 aelfl.Gud.
1473 2443 1620 2485 questus
1651 2440 1735 2474 PR.

186 2509 207 2540 8
233 2503 367 2539 delicio
393 2513 459 2538 suo
487 2502 576 2536 Pm.
593 2512 663 2546 pr.,
690 2500 866 2536 delicioso
893 2501 942 2536 id.
962 2512 1006 2535 m.
1027 2511 1092 2536 sec.
1158 2505 1178 2536 9
1204 2500 1318 2536 iocati
1344 2501 1484 2543 Heius„
1509 2499 1625 2535 locuti
1649 2499 1735 2533 PR.

188 2568 227 2598 11
257 2561 394 2598 mortui
421 2561 532 2606 PRq,
558 2571 648 2595 corr.
671 2571 710 2605 p.

280 2622 331 2665 11,
359 2626 375 2655 1
414 2620 495 2655 leve
525 2620 616 2662 PR,
655 2618 729 2654 levi
761 2618 925 2663 Scheffer.
1018 2623 1037 2654 2
1064 2619 1117 2654 nil
1146 2620 1207 2662 M,
1245 2619 1340 2653 nihil
1367 2619 1442 2653 Pv.
1504 2628 1615 2651 manu
1649 2616 1736 2659 PR,

186 2692 275 2716 corr.
301 2692 336 2724 p.
387 2679 531 2714 calomo
560 2678 646 2712 PR.
722 2681 741 2712 4
767 2677 834 2712 sub
858 2677 933 2712 illis
954 2690 994 2722 p,
1020 2677 1166 2712 subtilis
1195 2678 1281 2711 PR.
1339 2676 1526 2721 repperies
1556 2675 1640 2710 PR.

186 2744 207 2775 5
234 2737 372 2783 decipit
391 2750 438 2782 p,
475 2736 616 2782 despici
645 2736 732 2771 PR.
825 2741 845 2772 6
869 2736 1057 2781 intellegit
1085 2736 1174 2771 PR.
1268 2740 1286 2771 ’ἵ
1313 2734 1485 2770 inferiore
1515 2733 1606 2777 PR,
1645 2744 1734 2769 corr.

186 2797 356 2833 Rata-sk.
404 2813 407 2819 ·
442 2799 463 2831 8
488 2796 662 2840 loquutus
689 2795 734 2829 R.
821 2799 864 2829 10
890 2806 930 2830 ec·
959 2795 1017 2837 M,
1043 2796 1080 2829 et
1107 2806 1135 2829 v.
1230 2798 1270 2828 12
1299 2793 1433 2828 obcuro
1463 2793 1506 2826 P.
1601 2797 1642 2827 13
1668 2803 1736 2827 nec

186 2857 355 2902 legenter
383 2855 468 2890 PR.
563 2858 605 2890 14
631 2853 783 2891 adsiluit
808 2865 854 2901 p,
892 2853 1021 2888 adsilit
1045 2854 1090 2888 B.
1159 2863 1381 2898 conprensus
1413 2851 1602 2894 Rittersh.‚
1639 2861 1736 2888 com-

187 2926 334 2962 pressus
362 2914 447 2949 PR.
970 2913 972 2916 ’
