2028 3310
520 209 583 244 DE
610 209 927 244 EMENDANDIS
953 208 1166 242 PHAEDRI
1193 207 1405 241 FABVLIS.
1586 206 1737 240 XXXHI

308 316 424 366 Quae
445 331 539 358 cum
567 317 628 358 ita
648 317 754 369 sint,
785 331 872 357 non
899 318 1043 369 potest
1062 315 1267 368 dubitari,
1300 314 1400 368 quin
1421 313 1555 367 ipsius
1576 312 1738 355 Pei-otti

189 388 381 442 ingenio,
430 401 515 428 non
554 387 643 428 eius
683 387 754 440 qui
793 386 965 439 scripsit
1003 386 1206 439 codicem,
1257 384 1364 426 unde
1403 384 1614 437 excerpsit
1652 399 1739 435 sua,

188 458 424 499 debeantur
462 471 609 498 versus
648 456 757 497 tales
797 455 874 510 (ΙΙ,
907 457 944 509 8,
978 456 1050 509 27;
1094 455 1169 509 IV,
1202 456 1270 509 22,
1300 456 1335 508 1,
1367 455 1410 508 33
1462 454 1638 507 append.
1676 454 1739 506 15,

193 529 263 582 153
297 528 365 582 30,
401 526 491 581 11);

399 608 690 662 Praedamque
722 607 858 660 tollit,
891 621 1018 661 quam
1050 611 1276 661 paraverat
1309 622 1439 648 casus.

399 678 494 720 Heu
527 681 710 733 quantus
745 681 810 719 est
842 693 1010 732 semper
1042 678 1289 719 mortalium
1323 679 1450 720 livor!

397 748 505 790 Sunt
537 749 609 804 qui
642 749 843 803 quidquid
876 751 1030 803 putant
1060 749 1236 803 dignum
1270 749 1489 790 memoria.

398 820 508 861 Aliis
540 820 724 872 minare,
756 819 913 873 inquit,
946 834 1012 860 me
1045 834 1131 860 non
1161 819 1286 860 falles
1319 822 1444 860 certe.

396 890 493 932 Non
527 905 620 931 sum
652 890 697 930 in
730 904 878 944 campo
910 904 988 943 par
1020 890 1118 943 tibi,
1151 889 1222 930 sed
1257 904 1348 931 sum
1382 891 1459 931 sub
1492 891 1575 932 dio.

303 973 351 1014 In
384 972 450 1013 his
484 972 617 1026 igitur
651 974 692 1013 et
725 971 937 1012 similibus
971 971 1084 1012 haud
1116 971 1262 1025 paucis
1291 971 1564 1012 emendandis
1597 972 1736 1016 oleum

188 1047 229 1085 et
261 1058 433 1098 operam
465 1042 630 1096 perdet,
664 1042 735 1096 qui
763 1042 969 1083 lectiones
991 1042 1147 1083 codicis
1169 1041 1379 1082 Perottini
1407 1043 1553 1097 magni
1579 1042 1739 1096 fecerit,

185 1129 279 1156 cum
324 1116 531 1169 appareat
577 1128 601 1154 a
641 1112 836 1166 Perott0‚
886 1113 1044 1166 partim
1089 1116 1136 1153 ut
1187 1113 1273 1154 suis
1319 1113 1559 1154 rationibus
1610 1113 1739 1154 verba

185 1184 369 1225 Phaedri
402 1183 758 1234 accommodaret,
796 1184 955 1237 partim
989 1184 1087 1237 quia
1120 1186 1319 1238 corrupto
1353 1183 1553 1225 utebatur
1585 1184 1739 1237 codice,

185 1270 330 1296 versus
364 1254 547 1296 Phaedri
585 1268 759 1308 prorsus
793 1268 884 1295 esse
917 1254 1165 1295 immutatos
1203 1254 1472 1308 propriisque
1511 1255 1738 1308 adaptatos

185 1325 412 1380 rhythmis.

303 1395 463 1437 Contra
496 1395 608 1450 quod
638 1394 722 1449 ΙΙΙ,
753 1396 818 1450 10,
844 1396 898 1436 39
933 1410 1010 1449 pro
1042 1395 1224 1437 lectione
1257 1396 1451 1451 vulgata:

466 1478 505 1519 A
537 1478 633 1519 divo
668 1477 864 1532 Augusto
896 1480 998 1519 tunc
1029 1478 1191 1531 petiere
1225 1478 1384 1519 iudices

184 1561 286 1602 talis
320 1563 437 1602 extat
470 1574 616 1601 versus
649 1559 695 1600 in
727 1559 868 1600 codice
900 1558 1144 1602 Perottino:

465 1642 720 1684 Pontificem
754 1642 988 1684 maximum
1021 1645 1231 1697 rogarunt
1263 1643 1438 1697 iudices7

185 1740 278 1767 cum
321 1725 357 1766 is
403 1726 459 1766 sit
502 1725 677 1766 minime
721 1724 1007 1779 rhythmicus,
1051 1725 1193 1766 soluta
1233 1725 1338 1766 adeo
1378 1726 1422 1766 in
1459 1726 1596 1780 primo
1635 1727 1739 1780 pede

185 1796 289 1850 arsi,
333 1796 610 1837 confirmatur
642 1794 787 1848 opinio
820 1795 990 1850 Rothii,
1034 1796 1106 1850 qui
1150 1810 1246 1837 eum
1290 1811 1315 1837 a
1352 1796 1529 1838 Perotto
1574 1798 1739 1838 venisse

184 1869 326 1922 negat.

303 1937 533 1978 Praeterea
565 1937 675 1991 quod
707 1937 812 1978 dicit
845 1937 1044 1990 Orellius,
1083 1938 1125 1978 in
1152 1938 1316 1991 oppido
1350 1937 1562 1979 Duacensi
1595 1941 1739 1979 extare

185 2007 372 2048 codicem
405 2006 588 2048 Phaedri
621 2008 882 2061 fabularum,
915 2008 1112 2061 deceptus
1146 2011 1211 2049 est
1242 2011 1289 2049 ut
1321 2008 1447 2049 multi
1480 2008 1555 2049 alii
1575 2007 1739 2049 Haene-

185 2077 290 2118 liani
323 2077 441 2130 libri,
475 2079 540 2120 cui
567 2079 818 2133 inscriptum
850 2082 915 2120 est
936 2078 1139 2133 ‘catalogi
1172 2077 1589 2133 manuscriptorum’,
1620 2080 1739 2120 testi-

184 2148 338 2188 monio.
386 2146 484 2188 Non
518 2149 631 2190 enim
663 2149 846 2190 Phaedri
881 2149 952 2190 sed
986 2152 1136 2202 poetae
1158 2150 1264 2202 eius,
1297 2150 1369 2203 qui
1390 2151 1528 2191 metro
1550 2148 1739 2202 elegiaco

185 2218 340 2259 multas
374 2217 546 2260 Romuli
580 2220 771 2274 sylloges
804 2219 973 2261 fabulas
1006 2220 1258 2274 perscripsit
1295 2219 1444 2275 (vulgo
1480 2234 1739 2273 anonymum

184 2291 339 2331 vocant
365 2288 593 2345 Neveleti),
627 2304 674 2331 eo
708 2289 963 2331 exhibentur
996 2290 1198 2331 carmina.
1244 2289 1405 2331 Notum
1439 2293 1504 2330 est
1536 2290 1646 2330 haud
1678 2290 1740 2331 ita

185 2375 280 2401 raro
312 2359 494 2401 Phaedri
527 2360 688 2414 scripta
721 2361 898 2402 confusa
929 2375 1024 2401 cum
1056 2360 1450 2414 paraphrastarum.

303 2430 495 2485 Denique
529 2431 581 2471 ad
613 2431 902 2472 restituendas
927 2430 1113 2472 Phaedri
1145 2431 1313 2472 fabulas
1354 2431 1515 2485 aliquid
1549 2432 1739 2471 conferre

185 2500 467 2555 paraphrases
500 2501 737 2555 pedestres,
768 2501 907 2543 medio
940 2516 1044 2542 aevo
1076 2500 1230 2555 factas,
1256 2501 1342 2542 iam
1374 2502 1417 2544 in
1445 2501 1649 2555 opusculo
1679 2515 1739 2553 00,

185 2586 268 2626 quo
301 2571 351 2612 de
383 2570 566 2612 Phaedri
600 2573 642 2612 et
674 2571 830 2613 Aviani
864 2571 1023 2613 fabulis
1058 2572 1144 2626 egi,
1177 2572 1281 2613 satis
1315 2575 1381 2612 est
1413 2571 1585 2612 dictum.
1647 2571 1740 2612 Hoc

185 2645 327 2682 tamen
367 2640 558 2682 subsidio
597 2644 719 2682 caute
759 2656 850 2683 esse
895 2642 1116 2695 utendum,
1160 2657 1296 2696 neque
1340 2642 1523 2683 multum
1568 2657 1644 2682 nos
1690 2656 1737 2682 011

184 2712 339 2761 iuvari,
372 2711 502 2753 etiam
534 2715 662 2766 atque
695 2712 825 2753 etiam
857 2715 923 2754 est
954 2712 1222 2754 monendum.

304 2782 504 2824 Ceterum
535 2782 580 2823 in
613 2797 661 2823 eo
695 2782 935 2824 adhibendo
969 2784 1004 2824 si
1037 2798 1122 2824 non
1155 2796 1372 2837 magnam,
1406 2783 1592 2837 aliquam
1624 2787 1737 2825 certo

187 2852 419 2894 utilitatem
452 2853 599 2894 attulit
632 2854 882 2907 opusculum
912 2853 1140 2895 Oesterleii
1173 2853 1222 2894 de
1263 2869 1344 2908 quo
1379 2853 1466 2894 dixi
1508 2854 1552 2895 in
1584 2855 1733 2895 libello

187 2938 269 2978 quo
307 2923 357 2964 de
395 2922 578 2964 Phaedri
625 2927 665 2965 et
704 2924 857 2965 Aviani
896 2925 1051 2965 fabulis
1090 2924 1270 2966 disserui
1311 2930 1399 2979 (pg.
1426 2923 1482 2979 Ω).
1546 2923 1654 2966 Sane
1696 2925 1738 2965 id

257 2993 330 3018 Phar
330 2993 434 3017 ’1111111
437 2993 454 3017 b
459 2993 533 3024 ¹,1lae
553 2993 596 3018 uk
618 2994 648 3019 11.
665 2994 831 3019 Mcnmsn
1438 3007 1456 3028 υ
