2028 3310
327 200 354 240 2
358 201 382 241 8
833 201 1048 236 PHAEDRI
1072 200 1374 235 FABVLARVM

538 310 597 352 At
627 310 704 351 illa
735 309 847 350 vires
879 311 927 350 ut
956 308 1105 349 refecit
1134 308 1371 363 languidam,

539 380 687 421 Veloci
720 379 833 420 saltu
864 378 989 421 fovea
1021 393 1114 420 sese
1145 379 1302 420 liberat
1836 387 1879 417 10

537 451 596 491 Et
627 451 671 491 in
703 449 842 491 cubile
875 449 1040 491 concito
1073 452 1276 503 properat
1308 449 1456 503 gradu.

538 520 691 562 Paucis
723 520 871 561 diebus
903 519 1167 574 interpositis
1199 520 1410 573 provolat,

539 590 670 632 Pecus
703 590 908 644 trucidat,
939 590 1056 644 ipsos
1088 592 1282 644 pastores
1315 592 1450 642 necat,

539 661 598 702 Et
628 663 779 703 cuncta
809 663 984 702 vastans
1018 661 1154 702 saevit
1184 661 1293 702 irato
1325 661 1497 714 impetu.

540 732 650 773 Tum
682 731 765 773 sibi
795 731 1009 783 timentes,
1042 731 1115 785 qui
1146 731 1261 772 ferae
1293 733 1583 784 pepercerant,
1839 739 1882 770 15

542 802 757 844 Damnum
788 801 894 843 haut
926 804 1136 854 recusant,
1167 803 1335 842 tantum
1367 815 1444 854 pro
1478 801 1568 841 vita
1598 801 1764 854 rogant.

541 873 601 913 At
632 872 727 913 illa:
759 872 934 914 memini
967 872 1061 926 quis
1094 887 1161 913 me
1194 886 1294 913 saxo
1321 871 1512 925 petierit,

541 943 646 992 Quis
678 957 833 997 panem
864 943 1043 984 dederit:
1076 957 1151 984 vos
1184 942 1336 983 timere
1368 941 1583 995 absistite3

542 1013 635 1055 Illis
668 1016 860 1056 revertor
892 1013 1049 1067 hostis,
1081 1014 1153 1068 qui
1185 1027 1251 1054 me
1283 1013 1511 1054 laeserunt.

1065 1154 1141 1196 ΙΙΙ.

767 1224 1028 1269 [AESOPVS
1054 1225 1124 1257 ET
1150 1223 1449 1267 RVST10vs.]

612 1296 703 1337 Vsu
735 1296 897 1350 peritus
930 1295 1096 1337 hariolo
1129 1295 1322 1337 veracior

541 1367 685 1421 Vulgo
718 1381 810 1408 esse
842 1367 996 1419 fertur,
1027 1381 1154 1408 causa
1186 1366 1259 1421 sed
1289 1380 1376 1407 non
1407 1365 1581 1419 dicitur3

539 1438 746 1480 Notescet
778 1453 884 1492 quae
916 1452 1028 1478 nunc
1059 1437 1244 1491 primum
1277 1436 1437 1478 fabella
1470 1451 1575 1477 mea.

611 1508 801 1550 Habenti
834 1508 1002 1549 cuidam
1033 1522 1187 1562 pecora
1217 1510 1474 1561 pepererunt
1501 1521 1600 1548 oves

542 1579 690 1634 Agnos
722 1579 910 1620 humano
944 1578 1094 1633 capite.
1155 1577 1351 1619 Monstro
1383 1577 1559 1618 territus
1863 1587 1883 1617 5

544 1650 608 1691 Ad
643 1649 926 1691 consulendos
961 1649 1093 1691 currit
1125 1663 1317 1690 maerens
1349 1647 1553 1689 hariolos.

542 1720 623 1762 Hic
654 1720 866 1774 pertinere
900 1721 953 1762 ad
985 1720 1147 1761 domini
1178 1719 1408 1773 respondet
1438 1721 1567 1772 caput

540 1792 598 1833 Et
631 1791 906 1832 avertendum
938 1791 1115 1832 victima
1145 1790 1395 1844 periculum.

539 1863 616 1904 Ille
649 1864 792 1903 autem
826 1862 1023 1903 adfirmat
1055 1862 1276 1915 coniugem
1310 1875 1402 1902 esse
1435 1860 1672 1901 adulteram

540 1933 598 1974 Et
630 1933 827 1974 insitivos
861 1933 1095 1987 significari
1126 1931 1298 1985 liberos,
1843 1942 1885 1971 10

542 2002 623 2045 Sed
656 2003 818 2057 expiari
849 2016 974 2056 posse
1007 2003 1167 2043 maiore
1199 2001 1356 2043 hostia.

542 2074 652 2123 Quid
684 2073 850 2115 multa?
882 2072 1026 2114 Variis
1059 2072 1267 2114 dissident
1299 2073 1524 2114 sententiis

330 2232 349 2262 9
377 2239 408 2261 v.
435 2226 471 2261 vi
500 2226 539 2260 V.
609 2225 738 2261 refecit
771 2225 812 2269 V,
840 2225 875 2259 12¹
901 2236 944 2259 m.
971 2235 1048 2267 sec„
1082 2223 1200 2259 reficit
1227 2224 1304 2258 PR
1330 2235 1373 2258 m.
1397 2235 1454 2267 pr.
1550 2228 1591 2257 13
1619 2223 1745 2258 trudat
1769 2223 1885 2268 ipsius

329 2288 516 2331 pastorem
550 2285 590 2320 V.
674 2289 715 2318 14
742 2285 887 2319 vertens
914 2283 1009 2318 sevit
1034 2283 1120 2317 irati
1153 2283 1192 2318 V.
1277 2287 1317 2317 15
1344 2283 1577 2327 pepercerint
1611 2283 1651 2318 V.
1728 2287 1770 2317 16
1797 2284 1887 2317 haut

332 2345 419 2388 PR,
446 2343 545 2379 haud
574 2343 613 2378 V.
663 2355 728 2388 pro
755 2343 834 2378 vita,
861 2343 901 2386 V,
934 2354 993 2378 (ιη.
1018 2342 1142 2385 ll'z'ss.,
1169 2342 1289 2384 Rom„
1326 2344 1475 2386 prumta
1503 2342 1546 2385 P,
1573 2343 1748 2386 prumpta
1773 2342 1841 2386 11'57.

332 2408 372 2438 17
400 2405 440 2438 at
473 2403 513 2447 V,
558 2404 596 2438 et
624 2403 713 2437 PR.
788 2401 868 2446 quis
895 2413 953 2436 an.
978 2402 1100 2443 Wisa,
1127 2401 1243 2443 Romu,
1269 2400 1331 2444 qui
1359 2401 1437 2435 edd.
1506 2400 1604 2435 saxis
1626 2401 1664 2435 V.
1727 2401 1885 2445 petierat

333 2462 449 2507 PRy,
488 2462 672 2507 petierant
696 2462 732 2496 R
759 2465 832 2496 test.
856 2461 956 2496 Vino.
1034 2465 1076 2495 18
1104 2460 1183 2504 quis
1213 2460 1306 2503 1’11’,
1346 2460 1408 2504 qui
1442 2461 1481 2494 Γ.
1564 2465 1606 2494 19
1634 2460 1823 2495 laeserunt
1845 2460 1884 2503 V,

331 2521 515 2556 laeserant
543 2521 592 2564 P,
631 2521 790 2556 laeserat
815 2521 884 2565 11³9.

425 2580 492 2623 ΙΙΙ,
522 2584 621 2614 1-3
649 2590 713 2614 om.
735 2579 774 2613 V.
840 2583 852 2612 1
885 2578 1050 2613 veracior
1070 2578 1198 2622 Bona,
1225 2578 1388 2613 velocior
1411 2577 1519 2622 PRy.
1577 2582 1596 2612 2
1624 2590 1656 2612 ν.
1678 2589 1708 2612 c.
1728 2577 1766 2619 ἰ,
1793 2590 1822 2612 c.
1848 2590 1885 2621 p,

331 2652 363 2674 v.
391 2651 419 2674 c.
447 2639 470 2673 f.
498 2650 564 2673 om.
590 2650 620 2674 c.
652 2639 736 2673 PR.
811 2643 831 2673 4
858 2639 1040 2683 peperunt
1053 2638 1121 2682 11¹9.
1172 2639 1387 2682 pcrcrerunt
1412 2647 1498 2672 aves
1522 2637 1560 2672 V.
1625 2642 1645 2671 5
1672 2637 1821 2671 territus
1846 2637 1884 2680 V,

331 2698 524 2733 exterritus
550 2709 755 2742 expressum
782 2709 839 2742 ap.
866 2698 1032 2739 Iannell„
1062 2701 1099 2731 ut
1127 2698 1230 2741 Palm)
1255 2698 1439 2740 serebatur
1465 2700 1548 2731 autc
1572 2707 1671 2738 cum,-
1715 2697 1884 2741 perterri-

332 2760 388 2791 tus
412 2758 497 2792 ΡΗ.
574 2761 594 2792 6
621 2757 864 2792 consolendos
882 2756 986 2800 J’Rq,
1013 2767 1162 2799 comum
1188 2755 1450 2790 consultandos
1462 2755 1501 2790 V.
1552 2766 1694 2789 merens
1721 2755 1885 2790 hariolus

338 2817 444 2861 I’Iu'q,
472 2827 614 2851 merens
641 2816 776 2851 ariolos
794 2816 832 2851 V.
910 2820 927 2850 7
956 2815 1143 2860 respondit
1173 2815 1287 2859 1730,
1314 2826 1404 2849 corr.
1424 2815 1580 2858 11¹1'51ale.,·
1607 2813 1884 2858 respondentl'.

332 2881 352 2907 8
379 2876 616 2910 avertendum
644 2886 721 2909 esse
748 2886 812 2910 om.
841 2876 878 2909 et
908 2874 944 2908 V.
1050 2878 1092 2908 10
1119 2875 1155 2907 et
1182 2874 1390 2917 illcgunnos
1423 2873 1652 2918 (illegitimos
1679 2873 1737 2917 N)
1773 2871 1884 2919 signi-

334 2936 419 2970 ficat
443 2935 531 2971 NV.
611 2939 643 2969 ll
677 2934 824 2981 expiare
854 2934 892 2970 V.
945 2934 1081 2970 maiore
1120 2933 1157 2977 Γ,
1186 2932 1315 2969 maiori
1344 2933 1388 2967 Ι).
