2028 3310
314 206 378 239 XX
962 204 1118 239 CAPVT
1145 206 1189 242 ΙΙ.

314 311 506 353 Phaedro
545 312 820 354 describendo
859 312 1044 367 quinque
1089 313 1220 354 fuisse
1258 312 1461 354 destinati
1500 314 1800 367 quaterniones
1839 329 1863 354 a

314 383 506 424 librario.
898 385 901 387 “

432 451 632 494 Ceterum
670 452 835 494 numeri
868 453 951 506 illi,
990 453 1143 494 adiecti
1183 454 1233 495 ad
1267 468 1358 496 eam
1392 456 1557 508 partem
1589 454 1746 495 codicis
1780 469 1862 508 quo

315 522 496 563 Phaedri
535 524 806 564 eontinentur
842 523 1031 577 fabulae,
1075 539 1159 565 non
1198 524 1248 565 ad
1287 528 1520 566 tractatum
1561 525 1611 565 de
1645 524 1862 578 monstris,

313 592 508 634 videntur
540 594 626 634 iam
658 596 755 635 ante
788 593 1015 636 Pithoeum
1049 595 1276 636 accessisse
1309 595 1455 636 codici.

429 663 735 718 Inscriptiones
756 662 998 705 fabularum
1019 665 1213 718 singulae
1235 665 1552 719 subiunguntur
1565 664 1731 706 ultimis
1744 680 1862 719 prae-

312 733 498 774 cedentis
531 734 690 775 verbis:
722 735 839 789 ipsae
870 733 1041 775 fabulae
1073 749 1305 788 numquam
1337 749 1423 776 non
1449 750 1473 775 a
1491 749 1600 776 novo
1620 735 1717 776 inde
1736 749 1861 777 versu

312 803 548 846 incohatae.
622 804 729 846 Illae
771 805 931 845 litteris
975 804 1224 845 maiusculis
1264 809 1307 845 et
1343 805 1484 845 rubris
1523 809 1743 858 exaratae,
1780 806 1861 848 hae

313 874 560 916 minusculis
581 875 822 929 eisdemque
843 875 973 916 fuscis
993 877 1164 928 praeter
1183 875 1370 915 initiales
1401 890 1506 929 quae
1539 879 1581 916 et
1614 876 1730 930 ipsae
1764 879 1863 918 sunt

313 944 572 986 maiusculae
606 948 647 986 et
679 945 809 986 rubro
843 945 983 986 colore
1023 944 1111 985 sive
1144 945 1344 986 violaceo.

428 1015 664 1057 Numerum
708 1030 908 1057 versuum
957 1016 1001 1056 in
1051 1015 1233 1069 singulis
1283 1016 1454 1070 paginis
1505 1030 1611 1070 quae
1654 1018 1862 1058 vocantur

311 1084 475 1125 ‘seiten’
514 1100 591 1126 nec
629 1086 833 1127 indicavit
863 1086 1097 1140 BergerUS,
1142 1088 1365 1127 contentus
1403 1086 1613 1128 indicasse
1651 1086 1776 1128 initia
1813 1102 1862 1129 ac

310 1156 414 1196 fines
448 1156 732 1210 singularum,
769 1170 847 1196 nec
885 1155 1067 1196 multum
1107 1155 1239 1196 refert
1272 1169 1498 1210 cognosse,
1542 1171 1637 1198 cum
1675 1156 1860 1198 Phaedri

310 1240 456 1266 versus
488 1241 574 1267 non
606 1226 692 1267 sint
723 1225 927 1266 distincti.
972 1225 1188 1274 Quantum
1218 1224 1350 1267 fuerit
1374 1226 1658 1280 perscriptum
1679 1226 1860 1282 singulis

310 1310 359 1336 ex
392 1296 472 1337 hoc
503 1298 645 1350 potest
678 1295 911 1337 coniectari
943 1294 1059 1351 (nam
1087 1308 1245 1349 magna
1272 1296 1431 1350 ubique
1452 1297 1688 1351 scripturae
1708 1312 1860 1353 aequa-

308 1366 477 1423 bilitas)
510 1367 620 1421 quod
653 1367 788 1408 altera
821 1366 1092 1408 continentur
1124 1367 1255 1408 verba
1287 1366 1470 1409 Phaedri
1515 1368 1567 1409 ab
1600 1368 1678 1410 illo
1711 1368 1863 1410 lacerat

308 1437 340 1491 J,
370 1439 404 1491 1,
434 1438 485 1479 13
519 1437 570 1478 ad
604 1452 652 1479 ea
685 1452 792 1492 quae
825 1439 924 1478 sunt
954 1440 991 1478 et
1020 1437 1226 1490 explorato
1259 1437 1297 1491 3,
1327 1438 1391 1480 18.

425 1507 760 1562 Interpungendi
804 1507 928 1561 signa
970 1507 1091 1548 nulla
1135 1508 1277 1549 addita
1321 1511 1491 1562 praeter
1533 1511 1738 1562 punctum
1777 1524 1860 1564 quo

308 1579 591 1632 iuterrogatio
636 1577 846 1619 indicetur
882 1578 1013 1619 refert
1049 1577 1275 1632 Bergerus.
1344 1578 1509 1620 Puncta
1554 1578 1606 1619 ad
1650 1594 1858 1621 summam

307 1650 498 1691 litteram
529 1649 852 1704 praecedentem
886 1652 959 1690 aut
990 1649 1121 1690 imam
1154 1651 1228 1690 aut
1251 1649 1434 1690 mediam
1457 1649 1614 1702 addita,
1645 1649 1860 1691 interdum

308 1736 402 1761 cum
435 1721 621 1775 virgula,
666 1720 775 1761 nihil
813 1720 952 1761 facere
991 1720 1044 1761 ad
1082 1720 1408 1775 distinguendos
1443 1735 1590 1761 sensus
1630 1721 1700 1761 sed
1734 1721 1860 1762 inter-

307 1791 405 1832 dum
439 1791 648 1832 diastolae
680 1790 801 1845 fungi
832 1790 923 1832 vice
955 1793 1141 1832 testatur
1172 1791 1302 1832 idem:
1344 1805 1446 1832 sane
1478 1791 1609 1832 verba
1642 1792 1684 1832 in
1717 1790 1859 1833 codiee

308 1876 431 1914 saepe
464 1875 688 1916 perperam
720 1861 865 1902 iuncta
897 1864 971 1902 aut
1002 1860 1158 1914 divisa,
1190 1863 1236 1902 ut
1262 1861 1510 1916 plerumque
1536 1862 1697 1903 factum
1719 1864 1859 1903 aetate

267 1923 272 1926 ”
306 1931 393 1972 illa.
438 1930 571 1972 Addit
601 1932 798 1986 deinceps
831 1932 1166 1973 alliterationem
1198 1947 1283 1973 non
1315 1932 1497 1973 inveniri
1529 1932 1611 1973 nisi
1640 1932 1860 1975 rarissime

307 2006 348 2043 et
380 2002 550 2056 quidem
583 2002 625 2043 in
657 2003 725 2044 his
758 2003 918 2057 verbis,
950 2003 1023 2043 ubi
1056 2003 1143 2044 iam
1175 2017 1260 2044 non
1287 2002 1551 2056 admittatur,
1583 2005 1631 2044 ut
1651 2003 1859 2057 scriptum

308 2073 364 2113 sit
383 2086 622 2126 ammonere,
655 2075 907 2122 ammirans
940 2073 1040 2127 poni
1061 2077 1218 2115 sumtus
1238 2076 1280 2114 et
1301 2073 1461 2114 similia
1489 2073 1649 2114 omissa
1660 2087 1710 2126 1²3
1743 2072 1858 2114 litte-

306 2159 374 2185 ras
396 2145 411 2185 ἰ’
431 2145 533 2197 velj
565 2147 607 2185 et
628 2145 641 2185 l
660 2145 704 2185 in
726 2144 875 2198 primis
895 2143 1036 2184 verbis
1059 2144 1120 2185 ita
1148 2158 1239 2184 esse
1267 2143 1430 2185 similes
1463 2146 1511 2184 ut
1531 2143 1740 2198 distingui
1773 2158 1859 2186 non

307 2215 490 2269 possint,
521 2229 541 2256 e
573 2215 677 2256 satis
711 2229 835 2268 saepe
868 2214 968 2268 poni
1002 2229 1078 2268 pro
1112 2215 1144 2267 vi,
1175 2215 1197 2254 b
1224 2228 1300 2268 pro
1324 2229 1361 2267 r,
1394 2228 1414 2253 ο
1441 2229 1517 2268 pro
1538 2228 1576 2254 u.
1620 2214 1688 2255 Ab
1711 2214 1857 2256 eodem

306 2285 504 2326 docemur
536 2285 787 2338 compendia
826 2285 1061 2338 scripturae
1100 2299 1183 2325 non
1223 2286 1367 2325 extare
1401 2283 1488 2325 fere
1527 2285 1610 2326 nisi
1644 2285 1856 2339 virgulam

306 2370 432 2409 super
465 2356 657 2397 vocalem
690 2349 945 2397 collocatam
978 2370 1054 2409 pro
1088 2370 1144 2409 m,
1178 2359 1250 2396 aut
1276 2355 1326 2395 ad
1348 2355 1624 2409 duplicandas
1646 2370 1855 2398 consonas

305 2424 364 2481 (m
397 2430 439 2467 et
470 2440 498 2467 n
531 2424 752 2481 nimirum)
792 2424 1049 2479 adhibitam,
1095 2428 1169 2466 aut
1207 2426 1393 2479 positam
1431 2440 1559 2480 supra
1599 2440 1620 2467 c
1662 2441 1742 2480 pro
1778 2431 1855 2472 est.-

305 2498 452 2538 deinde
486 2497 667 2539 inveniri
699 2511 734 2549 q.
766 2511 843 2550 pro
877 2511 969 2549 que,
1015 2510 1028 2536 .·
1061 2511 1137 2550 pro
1172 2510 1217 2537 us
1258 2496 1300 2536 in
1340 2496 1494 2537 dativis
1537 2497 1602 2538 vel
1643 2497 1857 2550 ablativis,

303 2584 321 2607 τ’
354 2569 579 2610 caudatum
618 2582 695 2621 pro
728 2581 791 2621 ae,
832 2570 1055 2622 praeterea
1094 2567 1221 2621 vulgo
1262 2570 1360 2609 notu
1401 2568 1495 2621 illa,
1546 2567 1699 2622 quibus
1738 2567 1853 2609 reddi

305 2640 445 2680 solent
472 2654 546 2692 per
574 2654 649 2692 pro
673 2653 778 2694 prae
809 2642 854 2680 et.
923 2638 1115 2692 Denique
1155 2642 1299 2679 narrat
1341 2638 1451 2679 idem
1491 2638 1679 2679 codicem
1721 2638 1855 2680 videri

304 2714 560 2764 correctum,
602 2710 727 2751 modo
761 2724 965 2764 prospero
998 2709 1218 2763 Apolline,
1258 2708 1382 2750 modo
1415 2723 1582 2752 averso.
1621 2709 1674 2750 ab
1708 2709 1854 2751 eodem

306 2781 492 2830 librario,
527 2783 766 2823 atramento
800 2780 968 2835 quidem
1002 2780 1128 2833 paulo
1157 2780 1295 2831 magis
1328 2779 1448 2821 fusco
1482 2795 1610 2835 quani
1633 2795 1716 2835 quo
1743 2780 1853 2822 idem

304 2852 344 2892 in
378 2852 482 2905 ipsis
514 2852 668 2893 fabulis
703 2855 813 2892 esset
848 2867 957 2893 usus.

427 2923 645 2963 leonionsis
680 2923 800 2968 liber,
833 2923 950 2963 vuius
981 2922 1019 2963 iu
1052 2923 1130 2962 lim·
1158 2922 1300 2963 additu
1323 2926 1413 2963 erut
1437 2923 1660 2976 Qum-olus,
1693 2923 1853 2965 formae
