2028 3310
251 190 306 231 38
755 190 820 224 ΡΗ
825 190 884 224 ΑΕ
890 189 971 223 DRI
996 187 1296 222 FABVLARVM

969 294 1085 336 XVI.

731 365 953 410 [CIOADA
978 365 1048 397 ΕΤ
1075 363 1329 408 NOCTVA.]

535 436 809 479 Humanitati
842 436 914 490 qui
947 450 990 476 se
1022 450 1108 477 non
1140 435 1445 489 accommodat,

465 509 718 561 Plerumque
749 520 909 560 poenas
942 505 1109 559 oppetit
1141 505 1383 559 superbiae.-

537 577 695 619 Cicada
727 576 928 618 acerbum
959 578 1141 617 noctuae
1175 575 1415 617 convicium

466 648 686 698 Faciebat,
719 646 872 688 solitae
903 646 1064 687 victum
1092 646 1136 686 in
1167 645 1354 687 tenebris
1387 660 1589 700 quaerere

468 718 667 773 Cavoque
698 732 818 759 raino
851 731 1002 771 capere
1034 731 1231 758 somnum
1261 716 1458 757 interdiu.
1789 726 1809 755 5

467 789 699 843 Rogatast‚
730 790 779 828 ut
809 790 983 828 taceret.
1045 786 1183 828 Multo
1215 786 1399 827 validius

469 858 666 900 Clamare
698 857 852 911 coepit.
912 855 1076 897 Rursus
1109 856 1281 897 admota
1312 870 1435 909 prece

469 930 662 970 Accensa
694 927 832 982 magis
866 930 942 968 est.
1004 925 1175 968 Noctua
1207 929 1254 968 ut
1286 927 1393 968 vidit
1425 926 1506 968 sibi

469 999 649 1041 Nullum
681 1012 773 1039 esse
807 997 1012 1038 auxilium
1046 1000 1088 1038 et
1119 997 1250 1038 verba
1283 995 1499 1038 contemni
1532 1011 1620 1050 sua,

470 1070 563 1111 Hac
595 1072 662 1110 cst
693 1068 896 1122 adgressa
928 1068 1145 1121 garrulam
1177 1067 1376 1109 fallacia:
1769 1077 1814 1108 10

471 1139 671 1182 Dormire
702 1139 801 1193 quia
833 1153 900 1179 me
931 1153 1017 1179 non
1049 1138 1195 1180 sinunt
1226 1141 1377 1179 cantus
1410 1138 1486 1192 tui,

473 1211 633 1253 Sonare
665 1209 876 1251 citharam
909 1223 1014 1262 quos
1047 1211 1170 1263 putes
1204 1208 1434 1263 Apollinis,

473 1282 673 1323 Potarest
705 1281 872 1321 animus
905 1281 1070 1333 nectar,
1103 1279 1216 1333 quod
1247 1279 1393 1320 Pallas
1426 1279 1533 1320 mihi

472 1351 619 1405 Nuper
651 1351 844 1404 donavit3
879 1350 915 1391 si
946 1364 1031 1391 non
1061 1349 1250 1404 fastidis,
1282 1350 1397 1403 veni3

474 1422 571 1463 Vna
601 1422 818 1463 bibamus:
850 1420 1010 1475 illaque
1043 1421 1195 1462 arebat
1227 1420 1312 1462 siti.
1775 1431 1816 1461 15

476 1492 612 1534 Simul
645 1492 848 1547 cognovit
879 1506 1028 1533 vocem
1060 1491 1228 1533 laudari
1260 1506 1394 1545 suam,

477 1562 638 1618 Cupide
671 1564 899 1605 advolavit.
962 1562 1105 1604 Noctu
1137 1575 1309 1617 egressa
1342 1577 1363 1603 e
1396 1576 1499 1603 cavo

477 1634 780 1688 Trepidantem
813 1635 1102 1675 consectatast
1134 1635 1177 1674 et
1208 1633 1296 1674 leto
1331 1633 1459 1674 dedit.

478 1704 548 1746 Sic
579 1704 677 1746 viva
709 1704 822 1759 quod
842 1702 1033 1758 'negarat
1063 1703 1219 1744 tribuit
1249 1706 1420 1744 mortua

975 1844 1112 1886 XVII.

593 1917 866 1959 {ARBORES
891 1916 954 1949 IN
981 1916 1219 1949 DEORVM
1245 1915 1496 1959 TVTELA.1

551 1987 666 2029 Olim
699 2002 804 2042 quas
836 1986 994 2028 vellent
1026 2001 1119 2028 esse
1151 1986 1196 2027 in
1226 1986 1366 2028 tutela
1397 2000 1474 2031 sua

480 2058 580 2100 Divi
612 2059 810 2113 legerunt
841 2058 1027 2099 arbores.
1091 2057 1278 2106 Quercus
1311 2056 1416 2109 Iovi,

481 2130 540 2170 At
571 2131 736 2183 myrtus
770 2128 926 2170 Veneri
957 2128 1138 2182 placuit,
1168 2127 1343 2169 Phoebo
1376 2127 1534 2181 laurea,

482 2200 612 2241 Pinus
646 2198 862 2254 Cybebae,
895 2199 1078 2254 populus
1110 2199 1224 2240 celsa
1255 2198 1443 2240 Herculi.

366 2387 467 2430 XVI,
497 2391 526 2430 1,
553 2390 573 2420 ‘2
600 2397 665 2421 om.
689 2386 728 2420 Γ.
809 2390 829 2420 3
856 2384 1061 2419 convicium
1087 2385 1134 2427 B,
1157 2385 1197 2427 Γ,
1229 2384 1430 2420 convitium
1457 2385 1505 2420 N.
1580 2388 1601 2419 4
1626 2385 1762 2429 agebat
1782 2385 1823 2422 Γ.

273 2450 292 2480 7
321 2445 465 2490 occepit
492 2445 531 2486 V,
558 2444 726 2489 occoepit
751 2444 799 2479 N.
873 2448 893 2478 9
921 2443 1107 2478 contemni
1133 2443 1221 2478 data
1246 2443 1285 2476 1⁷.
1363 2448 1406 2477 10
1431 2443 1601 2487 garulam
1628 2443 1763 2479 salacia
1782 2443 1822 2478 V.

273 2504 418 2539 fallatia
434 2504 477 2538 1¹.
531 2508 569 2538 11
599 2503 772 2547 quoniam
793 2513 865 2537 non
883 2502 921 2545 Γ,
949 2513 1059 2545 quum
1080 2513 1152 2536 non
1166 2502 1215 2536 X.
1268 2506 1309 2536 12
1330 2513 1395 2536 om.
1410 2502 1448 2535 Γ.
1499 2501 1679 2536 citharam
1692 2502 1824 2545 Guiet„

274 2564 416 2598 eithara
443 2575 471 2598 ι’.
522 2564 631 2608 putas
650 2562 767 2606 Bona.
818 2559 1010 2606 Apollonis
1030 2562 1139 2605 prius
1163 2561 1204 2595 1'.
1288 2565 1329 2595 13
1357 2562 1485 2606 potare
1506 2562 1560 2595 est
1582 2560 1669 2604 PR,
1696 2563 1824 2605 potare

275 2623 302 2656 si
326 2623 374 2658 N.
400 2623 549 2667 potaret
574 2621 603 2655 si
627 2621 666 2657 Γ.
744 2626 786 2655 15
812 2621 936 2655 bibam
956 2621 992 2654 Γ.
1045 2620 1181 2664 illaque
1212 2620 1272 2661 M,
1300 2620 1366 2654 illa
1391 2630 1484 2663 quac
1510 2619 1588 2654 cdd.
1639 2620 1768 2655 arebat
1784 2620 1825 2663 Γ,

274 2681 429 2715 ardebat
446 2680 532 2714 1²13.
586 2684 627 2714 1ss
654 2679 840 2724 gaudebat
859 2690 930 2723 pro
956 2677 1131 2721 cognovit
1153 2678 1189 2712 Γ.
1267 2683 1307 2713 17
1335 2689 1483 2724 egressa
1507 2689 1526 2713 e
1551 2689 1586 2722 ρ,
1613 2678 1662 2721 Ν,
1688 2680 1721 2713 si
1738 2679 1826 2723 fides

277 2740 419 2781 orellio,
446 2739 595 2773 obsesso
616 2739 666 2780 V,-
691 2750 756 2773 om.
784 2750 803 2773 e
832 2737 911 2772 ΓΗ
929 2737 973 2780 1'3
999 2738 1151 2780 sortasse
1177 2748 1228 2771 ec.

369 2798 486 2842 xvii,
513 2804 532 2831 3
566 2800 605 2833 at
631 2798 776 2839 Heius..
815 2799 852 2832 ct
878 2797 955 2831 edd.
1018 2798 1158 2840 myrtos
1190 2796 1281 2839 Ple,
1314 2797 1454 2840 myrtus
1484 2795 1523 2829 Γ.
1589 2796 1709 2831 l'oebo
1738 2797 1823 2832 PR.

276 2858 397 2891 laurus
427 2857 465 2891 Γ.
552 2862 571 2891 4
599 2857 784 2902 Cybebae]
824 2856 958 2891 Cibcbc
997 2855 1169 2900 Neptuno
1208 2856 1248 2898 1¹,
1296 2855 1466 2899 Cybebae
1503 2854 1663 2899 populus
1700 2856 1826 2891 addito

275 2928 382 2961 snper
408 2917 471 2951 hoc
498 2927 566 2952 voc.
594 2917 657 2950 illo
684 2916 868 2962 Neptuno,
895 2915 990 2961 quod
1015 2915 1142 2949 ‹Icimlc
1168 2918 1215 2949 est
1242 2915 1404 2957 deletum,
1432 2913 1475 2957 le,
1504 2914 1702 2960 Neptunno
1731 2914 1770 2950 Γ.
