2028 3310
503 220 564 254 DE
592 219 910 255 EMENDANDlS
936 220 1148 254 PHAEDRI
1173 220 1388 255 FABVLIS.
1553 221 1725 256 XXXVII

174 341 265 369 0880
299 341 420 368 veras
453 327 656 369 lectiones
696 328 778 369 nisi
823 328 1033 382 singulas,
1072 331 1249 382 excepto
1289 328 1361 369 ubi
1401 329 1588 370 eiusdem
1627 329 1726 370 libri

173 396 387 451 duplicem
419 397 708 439 recensionem
742 412 919 452 eamque
952 398 1005 439 ab
1027 398 1120 452 ipso
1147 401 1319 440 auctore
1340 398 1498 440 factam
1519 398 1725 441 habemus

171 467 389 510 traditam.
449 467 541 510 Iam
573 482 667 509 cum
704 467 897 522 plerique
930 483 1077 510 omnes
1115 469 1200 510 1001
1239 469 1430 510 mendosi
1472 469 1726 523 scriptorum

172 542 365 580 veterum
403 541 477 579 aut
514 541 602 579 tam
641 537 794 578 leviter
839 538 926 579 sint
965 538 1121 591 affecti,
1172 542 1219 580 ut
1263 541 1334 580 eos
1380 541 1495 581 certo
1540 539 1726 580 remedio

172 608 301 650 liceat
344 622 494 650 sanare
536 607 702 661 critico,
752 607 877 648 modo
921 607 978 648 sit
1019 607 1167 649 doctus
1217 623 1264 649 ac
1305 609 1487 664 diligens
1530 609 1726 663 idemque

173 678 361 731 subtilis,
394 680 468 719 aut
500 680 586 719 tam
621 677 828 732 graviter,
875 680 919 719 ut
950 692 1037 718 non
1069 677 1175 719 duae
1215 681 1287 719 aut
1321 682 1427 732 tres,
1472 678 1543 720 sed
1582 679 1725 720 decem

173 752 245 790 aut
289 748 452 802 plures,
501 747 675 802 perinde
719 747 869 789 dubias
913 747 1082 802 quidem
1127 747 1245 799 illas,
1298 749 1437 802 possis
1483 749 1588 790 inire
1634 750 1724 791 vias

172 818 267 859 vit-ii
306 818 479 860 curandi
517 818 584 858 vel
623 818 767 872 potius
808 818 1124 871 dissimulandi,
1173 833 1256 859 non
1301 818 1386 860 iam
1430 820 1588 873 poterit
1634 835 1725 861 esse

172 889 345 943 mirum,
389 888 499 944 quod
545 888 589 929 in
626 888 741 929 notis
780 887 1014 929 editionum
1059 891 1303 929 nostrarum
1347 888 1459 930 haud
1501 889 1562 930 ita
1601 905 1725 944 saepe

172 963 465 1002 memorantur
510 959 694 1001 aliorum
739 958 985 1000 criticorum
1030 962 1270 999 commenta
1314 962 1485 1012 praeter
1529 974 1577 1001 ea
1621 975 1727 1015 quac

176 1030 422 1072 discrimine
455 1029 572 1071 omni
604 1032 770 1071 vacant.

289 1099 467 1141 Accedit
500 1099 626 1140 aliud.
694 1098 911 1140 Nimirum
949 1099 1021 1153 qui
1054 1114 1146 1140 sese
1179 1100 1329 1141 volunt
1369 1099 1517 1141 haberi
1558 1101 1727 1142 criticos

173 1171 251 1211 1100
294 1170 467 1211 nomine
511 1170 687 1223 dignos,
737 1169 839 1224 quid
878 1169 992 1211 aliud
1035 1172 1237 1223 poterunt
1275 1170 1446 1211 studere
1485 1171 1528 1211 in
1569 1171 1727 1212 edendo

172 1241 303 1294 libro,
334 1241 417 1281 nisi
449 1244 497 1281 ut
529 1240 714 1282 auctoris
747 1240 849 1281 talis
882 1254 1056 1293 prorsus
1095 1240 1295 1282 reddatur
1334 1240 1514 1294 81100108,
1560 1241 1726 1295 qualem

172 1311 254 1365 ipsi
287 1311 572 1353 informarunt
605 1310 776 1352 animo?
826 1311 945 1360 Quod
973 1325 1068 1352 011111
1095 1310 1158 1352 ita
1184 1311 1256 1364 sit,
1290 1314 1467 1365 apparet
1498 1326 1583 1352 non
1603 1326 1727 1365 posse

172 1382 417 1435 memorari,
449 1381 603 1422 nedum
636 1381 810 1435 probari
843 1381 1065 1422 doctorum
1099 1385 1339 1423 commenta
1359 1384 1530 1435 praeter
1551 1396 1600 1422 ea
1621 1397 1727 1436 quae

172 1452 334 1493 formae
366 1451 430 1493 illi
463 1452 515 1492 ad
546 1466 741 1493 normam
774 1452 898 1492 modo
927 1452 1193 1505 propositam
1227 1455 1402 1493 exactae
1435 1452 1608 1493 omnino
1632 1452 1729 1493 'sint

176 1526 279 1577 apta
311 1526 353 1564 et
385 1535 585 1576 congrua.

290 1591 489 1635 Ceterum
526 1593 570 1634 111
607 1591 793 1634 Phaedri
832 1591 1009 1646 fabulis,
1055 1608 1136 1647 quo
1176 1595 1241 1634 est
1282 1592 1470 1645 brevior,
1517 1607 1565 1634 co
1605 1593 1728 1635 labor

172 1663 279 1705 mihi
312 1663 394 1705 fuit
427 1662 676 1717 expeditior.

290 1733 369 1775 His
414 1733 620 1788 expositis
670 1736 824 1787 restat,
874 1736 921 1774 ut
969 1732 1018 1773 de
1065 1732 1412 1788 orthographicis
1465 1734 1723 1775 recensionis

172 1804 297 1846 huius
331 1804 570 1846 rationibus
603 1803 849 1845 disseratur.

290 1874 428 1929 Igitur
455 1878 503 1916 ut
523 1875 722 1916 omittam
755 1878 810 1916 est
842 1878 1086 1916 truncatum
1115 1877 1157 1915 et
1178 1874 1253 1915 illa
1272 1874 1437 1927 (mtlzac,
1469 1875 1728 1929 somniamus,

172 1945 384 1998 benficimn
404 1945 472 1987 vel
499 1946 622 1999 siqua
649 1945 735 1986 alia
755 1945 924 1986 diverso
946 1961 971 1986 a
990 1945 1221 1986 tradit-ione
1243 1945 1434 1986 codicum
1456 1945 1580 1985 modo
1602 1945 1726 1986 metri

174 2016 316 2070 gratia
353 2015 593 2070 perscripta
630 2018 749 2069 811111,
794 2015 1025 2056 tenendum
1063 2030 1140 2056 nos
1179 2015 1224 2056 in
1258 2015 1469 2069 scriptura
1501 2015 1728 2056 verborum

173 2086 471 2128 constituenda
509 2086 758 2140 plerumque
804 2088 971 2127 secutos
1017 2101 1108 2127 esse
1148 2085 1312 2128 codices
1350 2085 1636 2127 pithoeanum
1681 2101 1730 2127 ac

173 2156 438 2198 Remensem.
487 2156 580 2198 Iam
602 2156 702 2211 quia
723 2159 892 2208 constat
924 2157 966 2197 in
1001 2156 1060 2197 eis
1088 2156 1337 2211 plerumque
1370 2156 1727 2198 assimilationem

174 2241 302 2281 quam
334 2228 489 2267 vocant
520 2226 890 2280 praepositionum
917 2226 1140 2280 omissam,
1173 2226 1222 2267 de
1247 2226 1328 2268 hac
1353 2241 1398 2268 re
1424 2226 1492 2267 hic
1512 2227 1728 2268 monuisse

173 2297 279 2338 satis
312 2297 411 2350 erit,
451 2310 546 2337 cum
578 2296 831 2350 praesertim
870 2300 1078 2350 appareat
1108 2311 1186 2338 nec
1206 2297 1482 2338 Vincentium
1519 2311 1597 2338 nec
1628 2296 1727 2338 Ber-

173 2381 323 2422 gerum
361 2367 405 2408 in
443 2367 696 2408 adnotandis
737 2367 932 2408 minutiis
977 2367 1137 2408 talibus
1184 2368 1289 2409 satis
1334 2368 1466 2409 fuisse
1499 2368 1727 2423 diligentes

173 2442 215 2480 01
248 2440 504 2480 constantes.
566 2437 796 2480 Praeterea
827 2452 912 2479 non
945 2438 1181 2479 memoravi
1214 2439 1401 2493 exceptis
1438 2439 1541 2480 10018
1567 2438 1728 2492 paucis,

173 2509 246 2551 ubi
279 2511 422 2550 essent
452 2522 471 2549 c
502 2510 544 2548 et
575 2521 623 2549 ae
654 2509 831 2550 confusa
861 2508 906 2549 111
938 2509 1200 2550 membranis
1232 2509 1345 2563 istis,
1377 2524 1453 2551 nec
1485 2509 1624 2564 magis
1658 2509 1727 2550 ad-

173 2578 338 2630 notavi,
371 2578 442 2620 ubi
475 2592 599 2631 quum.
631 2581 745 2619 esset
776 2578 982 2620 traditum
1014 2578 1058 2619 in
1090 2578 1202 2620 libro
1234 2579 1449 2622 Remensi.

291 2649 341 2690 In
385 2648 615 2702 appendice
649 2648 872 2690 Perottina
916 2649 1063 2690 eadem
1107 2652 1195 2691 fere
1241 2650 1452 2704 scriptura
1502 2650 1726 2691 verborum

174 2735 257 2774 qua
290 2720 333 2760 in
364 2719 542 2774 reliquis
576 2718 732 2760 fabulis
766 2733 860 2760 811111
893 2734 1011 2772 118118,
1044 2719 1218 2773 additis,
1252 2720 1323 2761 ubi
1357 2720 1587 2761 conducere
1615 2719 1725 2760 vidc-

174 2792 310 2844 retur‚
343 2789 498 2832 codicis
532 2789 732 2830 Vaticani
767 2789 1035 2831 lectionibus.
