2028 3310
273 219 330 259 36
779 218 994 253 PHAEDRI
1019 217 1319 252 FABVLARVM

485 326 583 368 Non
614 325 916 367 inconveniens
949 339 1100 379 corpus
1133 327 1176 366 et
1207 339 1286 379 par
1318 326 1384 365 est
1415 323 1542 378 color,

485 396 534 437 In
566 396 739 437 dubium
772 395 899 449 plane
930 410 998 436 res
1031 397 1080 436 ut
1112 395 1264 436 merito
1299 395 1476 436 venerit.

485 465 566 506 Sed
597 480 650 506 ne
682 465 835 519 religio
867 468 1014 519 peccet
1046 464 1275 519 inprudens
1308 480 1415 518 mea,

483 534 617 576 Alvos
650 535 832 588 accipite
866 538 909 576 et
941 535 1048 576 ceris
1082 550 1186 590 opus
1220 536 1443 590 infundite,

483 604 544 645 Vt
576 620 625 646 ex
660 620 811 659 sapore
844 606 986 647 mellis
1020 608 1062 647 et
1092 606 1232 647 forma
1263 606 1360 660 favi,
1782 617 1825 648 10

483 675 546 716 De
579 675 673 730 quis
705 690 815 716 nunc
848 676 1008 730 agitur,
1041 679 1190 717 auctor
1220 677 1373 718 horum
1407 679 1623 730 appareat.

482 745 584 786 Fuci
616 749 832 787 recusant:
865 747 1017 800 apibus
1050 746 1240 788 condicio
1273 746 1426 800 placet.

483 816 601 857 Tunc
632 817 709 857 illa
740 817 820 858 tali
851 817 916 858 ius
948 817 1049 858 tulit
1081 817 1312 858 sententia:

482 887 737 940 Apertumst
769 888 862 942 quis
894 903 980 930 non
1010 888 1150 942 possit
1181 890 1224 928 et
1255 887 1349 941 quis
1381 887 1544 928 fecerit.

483 957 755 1012 Quapropter
787 959 938 1012 apibus
972 958 1157 999 fructum
1189 958 1369 999 restituo
1403 973 1537 999 suum.
1782 968 1824 999 15

552 1026 675 1070 Hanc
706 1029 1007 1083 praeterissem
1039 1028 1229 1070 fabulam
1265 1029 1449 1083 silentio,

483 1098 528 1140 Si
559 1102 728 1153 pactam
762 1100 848 1141 fuci
880 1115 967 1141 non
998 1103 1268 1141 recusassent
1299 1100 1436 1141 fidem.

989 1288 1106 1330 XIV.

666 1359 754 1403 [DE
780 1360 923 1392 LVSV
949 1360 1019 1391 ΕΤ
1047 1357 1429 1402 SEVERITATE]

551 1429 786 1471 Puerorum
814 1431 858 1471 in
883 1431 1009 1471 turba
1036 1430 1208 1484 quidam
1234 1429 1451 1470 ludentem
1479 1428 1648 1469 Atticus

481 1501 697 1554 Aesopum
730 1501 910 1542 nucibus
943 1516 1038 1541 cum
1070 1501 1266 1553 vidisset,
1298 1500 1462 1541 restitit

480 1570 539 1611 Et
572 1571 695 1625 quasi
727 1571 915 1612 delerum
948 1571 1056 1612 risit.
1118 1570 1239 1619 Quod
1273 1571 1406 1611 sensit
1439 1570 1565 1611 simul

480 1640 657 1682 Derisor
688 1640 831 1695 potius
865 1655 992 1695 quam
1024 1640 1275 1681 deridendus
1310 1655 1449 1694 senex,

480 1711 640 1753 Arcum
673 1714 889 1753 retensum
921 1711 1066 1765 posuit
1097 1711 1142 1752 in
1173 1711 1311 1752 media
1343 1711 1430 1751 via:

479 1782 617 1824 Heus!
649 1782 806 1837 inquit,
839 1782 1027 1836 sapiens,
1060 1782 1227 1836 expedi,
1259 1781 1359 1836 quid
1392 1781 1577 1823 fecerim.

481 1852 710 1894 Concurrit
741 1853 937 1907 populus.
1000 1852 1079 1893 Ille
1112 1868 1157 1893 se
1190 1854 1363 1907 torquet
1395 1852 1466 1893 diu

479 1924 568 1965 Nec
602 1923 865 1978 quaestionis
897 1923 1063 1977 positae
1096 1938 1265 1964 causam
1298 1922 1524 1977 intellegit.

479 1994 725 2036 Novissime
759 1993 1008 2035 succumbit.
1071 1993 1180 2035 Tum
1213 1993 1350 2035 victor
1383 1993 1560 2048 sophus:

480 2064 578 2107 Cito
604 2080 776 2119 rumpes
805 2079 962 2119 arcum,
990 2078 1157 2118 semper
1184 2064 1219 2105 si
1244 2066 1416 2105 tensum
1443 2064 1664 2118 habucris3
1782 2076 1824 2106 10

479 2135 539 2176 At
572 2136 607 2176 si
640 2135 819 2189 laxaris,
851 2149 945 2176 cum
979 2135 1097 2176 voles
1131 2134 1212 2175 erit
1244 2134 1376 2175 utilis.

1805 1722 1824 1751 αἱ

268 2350 287 2379 (3
316 2346 415 2381 colos
441 2346 502 2381 secl
527 2346 603 2382 ead.
630 2358 674 2381 m.
696 2357 786 2381 corr.
808 2346 853 2380 In’.
930 2350 947 2380 7
976 2345 1130 2387 noverit,
1156 2345 1216 2380 sed
1241 2345 1278 2379 in
1306 2356 1419 2389 mara.
1446 2357 1490 2379 m.
1516 2346 1592 2380 ead.
1620 2345 1762 2381 venerit
1784 2345 1822 2382 Γ.

267 2410 286 2439 9
314 2406 417 2440 alvos
447 2405 540 2450 PR,
584 2405 710 2440 alveos
737 2405 777 2438 N
801 2406 865 2448 bis,
901 2405 940 2439 Γ.
1019 2405 1198 2449 accipiter
1226 2426 1266 2429 ——
1295 2405 1389 2439 coris
1419 2427 1459 2431 —-
1488 2405 1649 2439 infundit
1684 2406 1721 2439 Γ.

269 2470 306 2498 11
338 2465 419 2508 quis
446 2465 494 2508 N,
530 2465 562 2498 Γ
580 2476 647 2508 per
672 2476 801 2508 comp,
836 2465 967 2508 quibus
986 2464 1072 2497 ΓΗ.
1150 2468 1190 2497 12
1219 2464 1289 2497 susi
1309 2465 1350 2499 l'.
1417 2470 1457 2498 13
1485 2465 1624 2498 tumB.
1675 2464 1742 2499 tali
1769 2465 1825 2499 ius

266 2524 352 2558 tulit
377 2523 562 2558 sententia
580 2524 636 2565 M,
673 2523 786 2557 talem
819 2522 969 2557 sustulit
1006 2522 1226 2557 sententiam
1258 2523 1333 2557 PR
1360 2523 1558 2567 (sententia
1590 2523 1675 2568 Rq),
1709 2523 1820 2558 taleni

266 2582 419 2627 pertulit
445 2583 665 2617 sententiam
690 2582 729 2624 Γ,
755 2586 785 2616 et
812 2583 866 2616 ita
886 2582 926 2615 N
943 2583 1055 2616 altero
1082 2583 1175 2625 Ioco,
1207 2583 1319 2617 altero
1353 2583 1441 2617 idem
1470 2581 1634 2627 protulit.
1718 2586 1760 2616 14
1787 2586 1824 2617 et

266 2640 347 2684 quis
371 2641 410 2685 Γ,
437 2643 502 2675 aut
527 2639 608 2684 quis
638 2640 724 2675 ΓΗ.
802 2644 855 2675 16.
885 2644 925 2675 17
954 2652 1018 2675 om.
1051 2641 1088 2675 Γ.

360 2711 454 2753 XIV,
482 2715 501 2744 3
529 2710 692 2745 delei-um
720 2710 755 2743 Ji‘
769 2710 811 2751 1’,
838 2709 993 2744 delirum
1018 2710 1055 2744 Γ.
1125 2715 1144 2745 4
1172 2713 1207 2745 ul
1238 2711 1438 2746 derisorem
1465 2712 1519 2754 (ut
1545 2711 1579 2745 d.
1606 2711 1660 2745 bis
1684 2710 1733 2756 Γ)
1760 2722 1821 2756 po-

265 2771 338 2805 tius
365 2770 556 2805 ridendum
585 2769 838 2813 (deridendum
855 2770 964 2813 prius
985 2769 1040 2811 N)
1068 2770 1280 2804 ostenderet
1307 2770 1392 2804 ΧΓ.
1468 2775 1487 2802 Η
1515 2781 1580 2803 om.
1607 2770 1653 2805 l':
1680 2770 1821 2814 positae

260 2842 327 2874 per
354 2842 462 2874 comp.
483 2829 605 2873 script.
634 2830 671 2862 in
701 2829 747 2864 N.
799 2828 987 2873 intellegit
1011 2829 1095 2862 Ple.
1171 2834 1190 2862 9
1219 2828 1423 2863 novissomo
1445 2829 1489 2864 Η,
1541 2828 1658 2863 victor
1684 2829 1821 2873 sophus

264 2890 401 2933 Reum,
427 2901 458 2922 v.
487 2889 653 2932 Aesopus
685 2888 779 2929 l'ln',
812 2900 896 2922 voro
925 2887 1065 2932 Esopus
1093 2888 1127 2922 Γ.
1207 2894 1247 2922 10
1275 2889 1304 2921 si
1332 2890 1476 2922 tensum
1503 2899 1646 2932 semper
1668 2888 1715 2929 X,
1742 2900 1767 2922 s.
1795 2890 1819 2924 t.

264 2949 327 2981 illa
353 2961 496 2992 semper
522 2948 638 2982 οηι.Γ.
696 2947 856 2982 tenueris
894 2947 922 2980 Γ
946 2951 976 2981 c!
1006 2951 1041 2981 ut
1066 2951 1154 2991 puto
1183 2947 1228 2982 λ’.
1308 2952 1343 2981 11
1377 2947 1557 2982 laxaveris
1595 2947 1631 2983 Γ.
