2028 3310
254 205 285 238 X
912 204 1069 239 CAPVT
1096 206 1120 241 Ι,

254 326 402 352 causas
435 314 535 352 sunt
567 314 764 366 suspecta
796 314 870 353 aut
899 311 1005 353 talia
1026 311 1183 366 utique,
1216 326 1321 366 quae
1353 311 1560 354 facillima
1591 327 1720 366 opera
1751 328 1800 354 ac

252 382 320 422 vix
354 381 442 422 ulla
471 381 641 435 possint
673 381 907 435 emendari,
951 383 998 422 ut
1038 395 1090 422 ne
1131 380 1384 422 mediocrem
1424 381 1592 435 quidem
1631 382 1800 436 possint

253 451 402 493 fallere
435 451 642 493 criticum.

370 521 599 562 Praeterea
628 536 704 575 per
735 536 882 563 omnes
902 524 1046 576 partes
1073 521 1200 563 metri
1226 524 1402 575 excepta
1426 521 1580 563 ultima
1599 521 1799 575 spondeis

254 594 296 632 et
332 591 487 632 iambis
525 591 793 645 promiscuus
832 607 933 633 usus
975 591 1113 645 adest,
1157 606 1207 632 ea
1244 594 1388 633 tamen
1430 592 1527 645 lege
1563 594 1612 633 ut
1650 591 1798 646 quinto

254 662 359 716 pede
390 661 534 715 potior
566 662 623 702 sit
655 663 878 716 spondeus.
929 662 1091 704 Tamen
1123 665 1165 703 et
1196 662 1256 703 ibi
1290 662 1533 704 admittitur
1563 661 1730 702 iambus
1763 661 1800 702 si

253 732 505 773 terminetur
537 747 683 774 versus
716 733 926 775 vocabulo
958 733 1053 787 plus
1086 747 1212 786 quam
1244 732 1473 786 trisyllabo
1506 732 1626 773 velut
1656 731 1719 773 ita

611 828 742 856 ranae
773 817 981 869 vagantes
1014 814 1161 855 liberis
1194 814 1434 868 paludibus.

253 896 302 937 In
335 896 442 937 hanc
476 896 603 938 etiam
636 897 857 938 licentiam
890 911 1135 938 concessere
1174 910 1341 950 versus,
1379 896 1422 936 in
1455 896 1608 950 quibus
1641 896 1803 950 amphi-

253 966 436 1008 brachus
469 967 534 1008 vel
568 967 746 1008 creticus
780 981 875 1008 cum
908 966 1203 1021 monosyllabo
1242 966 1493 1020 insequente
1534 965 1601 1007 vel
1633 980 1803 1020 praece-

253 1036 377 1077 dente
409 1037 653 1079 coalescunt
686 1037 729 1078 in
761 1052 908 1078 unum:

523 1120 609 1173 odi,
642 1120 800 1174 inquit,
832 1119 954 1160 illum
988 1119 1087 1173 quia
1118 1118 1243 1160 malis
1278 1118 1439 1159 amicus
1473 1124 1549 1159 est.

523 1189 690 1243 trepide
723 1203 977 1231 concursans
1011 1191 1217 1242 occupata
1250 1189 1293 1229 in
1326 1189 1427 1230 otio,

252 1269 384 1311 Recte
417 1271 549 1312 etiam
586 1271 629 1312 in
668 1271 750 1311 fine
789 1271 958 1312 videtur
997 1271 1187 1325 copulari
1225 1270 1468 1312 trochaicus
1508 1270 1646 1312 exitus
1684 1270 1803 1312 verbi

252 1340 469 1395 trisyllabi
503 1344 577 1382 aut
608 1341 815 1396 longioris
849 1355 945 1382 cum
977 1341 1150 1382 cretico:

534 1424 650 1465 canis
682 1424 927 1478 parturiens
960 1437 1055 1464 cum
1087 1425 1283 1477 rogasset
1315 1423 1509 1464 alteram.

371 1505 577 1560 Equidem
622 1521 708 1548 non
752 1507 904 1560 ignoro
948 1505 1146 1546 licentiae
1188 1505 1314 1547 huius
1359 1520 1435 1547 nec
1478 1506 1615 1547 multa
1660 1509 1804 1548 extare

230 1573 448 1629 'exempla
489 1580 532 1618 et
563 1591 743 1631 quorum
781 1576 982 1630 pleraque
1022 1579 1095 1618 aut
1134 1576 1275 1618 verbis
1315 1575 1563 1618 traiciendis
1603 1579 1678 1618 aut
1720 1576 1804 1618 alio

254 1646 379 1687 modo
412 1645 538 1688 facile
569 1647 738 1701 possint
769 1647 877 1688 tolli.
924 1645 1005 1688 Sed
1037 1647 1144 1688 mihi
1176 1646 1321 1688 Plauti
1342 1646 1617 1701 Terent-iique
1651 1661 1699 1688 ac
1724 1646 1805 1688 Lu-

252 1715 341 1757 cilii
385 1719 428 1758 et
468 1716 675 1759 Varronis
727 1717 973 1759 observanti
1024 1731 1170 1758 versus
1227 1732 1313 1758 non
1362 1717 1525 1771 placuit
1570 1717 1741 1759 omnino
1782 1732 1806 1758 a

252 1785 448 1828 Phaedro
491 1779 751 1841 abhidicare,
803 1787 912 1841 quod
957 1787 1045 1827 illis
1093 1790 1205 1827 esset
1243 1787 1471 1841 probatum
1515 1786 1628 1829 haud
1667 1787 1804 1829 dubie.

254 1854 335 1916 Sed
368 1857 542 1898 minime
574 1857 676 1898 licet
709 1857 906 1911 quintum
938 1857 1088 1911 pedem
1121 1857 1331 1898 contineri
1369 1856 1500 1898 verbo
1540 1857 1584 1897 in
1615 1857 1805 1899 iambum

253 1930 450 1981 exeunte,
483 1927 599 1968 cuius
632 1927 727 1968 vitii
759 1927 944 1981 plurima
976 1928 1172 1982 exempla
1197 1927 1392 1970 Phaedro
1426 1927 1607 1969 intulere
1641 1928 1767 1969 docti.

371 1996 664 2051 Anapaestum
698 1997 852 2052 ubique
885 2014 962 2052 pro
996 1999 1183 2052 spondeo
1216 1998 1316 2052 poni
1350 1999 1415 2039 fas
1443 2000 1527 2051 est,
1559 2013 1643 2052 qua·
1663 1999 1805 2040 tamen

253 2071 422 2122 praeter
460 2068 645 2121 primum
691 2069 831 2110 locum
871 2071 914 2110 et
958 2069 1153 2123 quintum
1198 2083 1283 2110 non
1321 2070 1383 2110 ita
1420 2068 1621 2121 multum,
1671 2068 1807 2110 utitur

254 2139 436 2193 scriptor
469 2139 593 2180 venia
625 2141 684 2193 (et
718 2139 885 2193 saepius
919 2140 1087 2194 quidem
1121 2139 1164 2180 in
1190 2139 1319 2181 tertio
1353 2139 1476 2193 pede,
1516 2153 1642 2193 quam
1674 2139 1718 2179 in
1746 2154 1806 2180 se·

255 2209 389 2251 cundo
423 2214 497 2250 aut
523 2209 706 2264 quarto),
738 2224 814 2251 nec
847 2225 946 2251 vero
980 2225 1176 2265 uinquam
1209 2210 1262 2251 ab
1297 2225 1346 2251 eo
1378 2210 1468 2251 bini
1502 2210 1806 2252 continuantur

255 2280 380 2333 pedes
426 2280 644 2322 eiusmodi.
717 2281 899 2334 Dae-,tylo
938 2281 981 2321 in
1019 2281 1159 2334 prima
1196 2281 1470 2334 potissimum
1511 2281 1722 2334 tertiaque
1764 2285 1808 2322 et

255 2353 408 2404 quarta
439 2351 536 2391 sede
574 2351 690 2392 locus
730 2353 813 2404 est3
865 2351 935 2391 sed
976 2350 1085 2391 idcni
1128 2365 1202 2392 nec
1242 2351 1343 2391 alibi
1382 2351 1510 2392 nimis
1544 2366 1678 2393 rarus.
1739 2350 1806 2392 ln-

255 2421 482 2462 veniuntur
519 2435 604 2461 uon
646 2421 708 2462 ita
747 2420 1037 2475 infrequenter
1081 2421 1162 2462 (luo
1205 2421 1360 2475 dactyli
1402 2421 1609 2475 continui3
1660 2425 1808 2463 contra

254 2506 350 2532 raro
384 2491 611 2533 admodum
646 2495 689 2532 et
722 2507 797 2532 sua
826 2492 1076 2546 plerumque
1098 2493 1221 2533 venia
1242 2493 1430 2534 excusati
1454 2495 1553 2546 tres,
1584 2496 1632 2534 ut
1652 2493 1684 2547 Ι,
1704 2494 1743 2544 5,
1763 2494 1806 2547 «Εἰς

254 2561 288 2602 ll
326 2561 423 2615 epil.
458 2562 498 2616 13
538 2561 613 2616 IV,
639 2563 678 2616 4,
705 2563 749 2617 43
789 2561 868 2612 Vl,
895 2563 933 2616 3,
960 2563 997 2615 13
1038 2563 1105 2615 26,
1132 2564 1163 2603 1.
1221 2561 1606 2605 Procelnsniaticus
1639 2567 1806 2606 tantum

256 2633 377 2673 initio
411 2632 562 2673 senarii
598 2633 836 2674 adhibetur.
881 2632 1065 2673 Omnino
1099 2648 1190 2673 cuin
1227 2633 1411 2674 alienum
1445 2649 1469 2675 a
1501 2634 1694 2676 Phaedro
1726 2635 1808 2676 exi-

255 2703 449 2744 stimavit
489 2703 536 2744 A.
570 2702 807 2756 Nauckius,
852 2718 888 2743 v.
921 2702 1001 2756 ‹·*l.,.
1033 2703 1074 2743 iu
1115 2703 1318 2756 opusculo
1364 2719 1445 2757 quo
1485 2703 1534 2744 de
1575 2704 1673 2759 Syri
1716 2705 1808 2759 agit

256 2774 479 2814 sententiis
525 2787 624 2828 pgg.
655 2774 753 2826 2o3,
781 2774 818 2814 4.
882 2773 962 2814 sed
1010 2788 1135 2827 quam
1182 2789 1264 2815 non
1311 2775 1434 2815 inodo
1474 2773 1569 2829 Syri
1615 2774 1807 2816 versibus

259 2844 470 2885 nonnullis
504 2843 767 2889 (cf.-Nuuck.
806 2844 943 2886 libelli
988 2857 1088 2897 pgg.
1111 2845 1207 2897 205,
1235 2843 1292 2899 G),
1333 2845 1462 2886 etium
1497 2846 1698 2898 Senecae,
1736 2844 1808 2900 qui

258 2915 390 2955 multo
431 2915 568 2965 magis
615 2930 739 2968 qnam
787 2915 849 2955 illi
889 2915 938 2955 ad
969 2913 1225 2956 Graecorum
1248 2918 1316 2956 'sc
1358 2916 1566 2970 applicuit
1603 2929 1808 2969 normam,
