2028 3310
875 212 1019 247 LIBER
1043 211 1069 247 I.
1695 212 1747 251 13

412 321 535 363 Nunc
568 322 667 376 quia
699 321 890 374 laboras,
922 325 967 362 ut
1001 321 1155 362 fruaris
1189 320 1394 374 reliquiis,

413 394 528 442 Quas
561 396 659 433 sunt
691 392 845 443 rosuri,
878 391 1004 432 simul
1038 395 1078 432 et
1111 391 1226 445 ipsos
1259 391 1451 443 devores,

411 463 514 505 Noli
546 463 744 516 inputare
778 475 932 502 vanum
966 461 1192 502 benficium
1227 460 1344 502 mihi.

414 534 553 587 Atque
585 533 648 573 ita
680 532 847 573 loc-utus
881 531 1107 584 inprobam
1140 531 1226 572 leto
1259 531 1385 572 dedit.

482 602 575 644 Hoc
609 603 652 643 in
685 617 728 643 se
761 602 922 643 dictum
953 601 1109 642 debent
1141 601 1205 642 illi
1238 615 1482 654 agnoscere,
1709 612 1751 641 io

413 672 604 722 Quorum
637 673 806 726 privata
837 672 970 713 servit
1003 671 1169 712 utilitas
1204 671 1299 724 sibi,

412 743 470 784 Et
501 744 702 785 meritum
735 743 860 784 inane
893 743 1056 783 iactant
1087 741 1372 796 inpudentius.

899 882 1057 924 XXIII.

746 954 757 998 [
764 955 929 988 CAN1s
956 952 1210 996 FIDELIS.]

486 1025 676 1079 Repente
708 1025 898 1067 liberalis
932 1024 1078 1066 stultis
1111 1028 1258 1079 gratus
1292 1028 1368 1075 est,

415 1095 573 1137 Verum
606 1096 756 1150 peritis
789 1096 941 1137 inritos
974 1095 1111 1137 tendit
1144 1095 1278 1136 dolos.

485 1164 729 1206 Nocturnus
764 1179 857 1206 cum
889 1165 959 1206 fur
990 1180 1145 1219 panem
1177 1165 1365 1206 misisset
1398 1165 1506 1218 cani,

415 1236 593 1278 Obiecto
626 1239 843 1290 temptans
877 1250 930 1276 an
962 1235 1056 1276 cibo
1089 1238 1234 1289 posset
1267 1235 1382 1289 capi:

416 1306 553 1359 Heus,
586 1307 743 1360 inquit,
776 1306 968 1360 linguam
1002 1306 1066 1346 vis
1099 1320 1237 1347 meam
1270 1305 1554 1359 praecludere,
1735 1319 1754 1346 5

415 1377 481 1418 Ne
514 1377 667 1418 latrem
698 1391 776 1430 pro
808 1392 853 1418 re
885 1376 1076 1417 domini?
1139 1376 1325 1417 Multum
1357 1377 1531 1417 falleris.

415 1446 613 1502 Namque
645 1448 728 1488 ista
762 1447 905 1488 subita
939 1461 1003 1487 me
1037 1447 1154 1488 iubet
1187 1447 1431 1501 benignitas

417 1518 631 1572 Vigilare7
663 1518 796 1558 facias
829 1532 881 1558 ne
915 1532 1009 1558 mea
1041 1517 1165 1571 culpa
1198 1517 1373 1558 lucrum.

1465 1095 1476 1113 3

905 1657 1059 1699 XXIV.

664 1728 838 1773 [RANA
863 1729 1052 1762 RVPTA
1077 1729 1147 1761 ΕΤ
1173 1727 1301 1772 BOS]

488 1800 629 1855 Inops,
658 1802 878 1853 potentem
911 1800 1009 1841 dum
1043 1800 1134 1841 vult
1169 1801 1346 1853 imitari,
1377 1801 1501 1854 perit.

417 1871 467 1912 In
499 1875 623 1925 prato
657 1871 871 1925 quondam
903 1886 1007 1912 rana
1040 1872 1262 1925 conspexit
1294 1872 1447 1913 bovem

419 1942 476 1983 Et
508 1944 622 1983 tacta
657 1940 817 1982 invidia
850 1945 996 1982 tantae
1030 1941 1339 1995 magnitudinis

419 2012 639 2066 Rugosam
672 2012 838 2052 inflavit
871 2011 1047 2065 pellem:
1078 2015 1168 2052 tum
1202 2016 1327 2053 natos
1361 2026 1459 2052 suos

419 2082 727 2137 Interrogavit,
760 2097 814 2123 an
846 2082 954 2123 bove
987 2085 1099 2123 esset
1131 2082 1271 2123 latior.
1738 2095 1757 2123 5

419 2152 492 2193 Illi
523 2156 746 2207 negarunt.
807 2152 970 2193 Rursus
1004 2153 1185 2193 intendit
1219 2156 1358 2193 cutem

419 2223 582 2266 Maiore
613 2223 710 2264 nisu
743 2226 784 2264 et
817 2223 949 2264 simili
984 2224 1193 2277 quaesivit
1226 2224 1364 2276 modo,

420 2294 524 2343 Quis
557 2294 694 2335 maior
727 2297 850 2335 esset.
913 2293 982 2334 Illi
1016 2293 1213 2334 dixerunt
1244 2294 1408 2335 bovem.

419 2363 664 2406 Novissime
698 2364 921 2419 indignata
952 2364 1053 2405 dum
1085 2365 1178 2405 vult
1210 2364 1393 2405 validius

421 2435 574 2476 Inflare
609 2449 718 2488 sese,
751 2438 877 2488 rupto
911 2435 1040 2476 iacuit
1075 2449 1291 2489 corpore.‘
1719 2448 1759 2477 ιο

212 2551 321 2595 ΡΒῃ.
397 2554 414 2584 7
442 2562 533 2594 quas
561 2550 836 2592 Ii'itterslezcsius,
863 2562 955 2595 quae
985 2551 1028 2586 P.
1099 2554 1181 2595 post
1213 2551 1366 2585 devores
1400 2552 1482 2585 add.
1509 2553 1593 2586 haec
1615 2552 1664 2585 1¹:
1700 2553 1758 2587 hic

1509 2619 1546 2636 1111

208 2644 384 2690 intellege
412 2644 565 2680 soricem
593 2655 670 2678 esse
696 2644 841 2689 generis
861 2644 1066 2679 masculini.
1142 2649 1162 2679 8
1189 2656 1247 2678 me
1274 2646 1403 2689 putare
1434 2645 1477 2687 P,
1504 2649 1693 2690 meputare
1714 2647 1759 2682 R.

209 2702 402 2738 benfitium
429 2715 487 2738 αη.
504 2703 581 2737 Nil.
642 2707 661 2737 9
688 2703 862 2746 loquutus
877 2702 922 2737 R.
988 2707 1029 2737 12
1056 2702 1169 2737 iactat
1185 2703 1458 2737 It't'tlerslmsins.
1510 2704 1760 2749 impudentius

211 2762 401 2803 Graevius,
426 2761 684 2807 inprudentius
714 2761 775 2804 M,
801 2761 1096 2806 imprudentibus
1126 2762 1211 2795 PR.

305 2819 441 2862 XXIII,
469 2824 488 2854 ‘2
514 2831 636 2855 rerum
662 2820 780 2854 Bentl.
841 2819 971 2855 inritos
1001 2820 1086 2854 PR.
1143 2820 1305 2854 ostendit
1328 2820 1404 2854 PH
1431 2832 1472 2854 m.
1490 2833 1547 2864 pr.
1622 2827 1641 2855 4
1669 2825 1760 2857 tem-

209 2882 292 2914 tans
320 2879 406 2913 PR.
457 2881 583 2924 posset
608 2878 884 2919 Rittershusius,
910 2879 1028 2923 possit
1054 2879 1154 2913 codd.

307 2937 435 2978 xxiv,
463 2942 482 2971 ⁶2
510 2937 696 2981 quondam
725 2938 869 2973 Heius..
896 2939 1055 2982 quodam
1085 2938 1169 2972 PR.
