2028 3310
819 221 962 255 LIBER
988 221 1046 256 IV.
1655 224 1710 260 δί’)

331 378 333 380 ¹
374 328 436 369 Ad
470 343 616 370 cenam
650 329 752 369 mihi
785 329 1006 382 promitte3
1039 332 1245 383 cognatos
1279 329 1376 370 volo
1672 340 1711 370 15

372 399 509 441 Hodie
540 399 741 440 invitare:
775 414 953 453 quorum
986 413 1028 440 es
1064 400 1103 440 in
1138 414 1312 440 numero
1346 399 1464 440 mihi.

371 469 609 510 Fraudatus
643 469 836 524 quamvis
870 472 912 510 et
944 469 1092 511 dolens
1126 470 1294 523 iniuria,

370 539 435 581 Ne
468 539 579 580 male
611 539 883 581 dissimulans
917 540 1102 594 gratiam
1129 545 1431 594 corrumperet,

370 609 586 651 Promisit.
647 609 791 650 Rediit
821 609 926 650 hora
961 610 1091 663 dicta,
1124 611 1329 652 recubuit.

370 679 629 734 Splendebat
661 679 795 720 hilare
829 679 993 733 poculis
1026 679 1280 733 convivium,
1669 694 1712 721 :30

370 751 527 806 Magno
561 751 769 804 adparatu
802 751 915 791 laeta
948 750 1178 791 resonabat
1208 749 1376 790 domus:

370 822 561 875 Repente
593 822 673 863 duo
707 835 799 862 cum
833 821 1007 862 iuvenes
1041 821 1177 875 sparsi
1211 821 1395 875 pulvere,

370 892 530 934 Sudore
563 891 699 933 multo
733 892 990 944 diffluentes,
1023 906 1201 946 corpora

370 962 610 1004 Humanam
645 977 774 1016 supra
805 962 1004 1016 formam,
1037 963 1202 1003 cuidam
1237 963 1405 1004 servolo

369 1033 592 1086 Mandant,
623 1036 670 1074 ut
703 1032 753 1073 ad
787 1047 830 1073 se
857 1036 1058 1086 provocet
1091 1032 1371 1075 Simonidem:
1670 1044 1711 1073 25

369 1104 509 1158 Ipsius
542 1104 765 1157 interesse,
797 1118 849 1145 ne
880 1103 1011 1145 faciat
1042 1118 1218 1145 moram.

369 1174 509 1216 Homo
542 1175 818 1228 perturbatus
853 1174 1011 1215 excitat
1044 1173 1317 1216 Simonidem.

370 1244 509 1285 Vnum
543 1248 765 1299 promorat
796 1245 866 1286 vix
899 1245 1047 1299 pedem
1081 1246 1282 1298 triclinio,

369 1316 510 1357 Ruina
542 1330 735 1357 camarae
767 1315 909 1356 subito
943 1316 1158 1369 oppressit
1190 1319 1368 1370 ceteros3

369 1386 457 1428 Nec
491 1386 569 1427 ulli
601 1386 774 1427 iuvenes
808 1389 906 1427 suut
939 1387 1098 1440 reperti
1132 1387 1182 1428 ad
1216 1387 1398 1428 ianuam.
1668 1400 1712 1429 30

368 1456 428 1498 Vt
461 1459 526 1497 est
558 1457 758 1511 vulgatus
791 1456 892 1497 ordo
925 1460 1122 1498 narratae
1155 1459 1228 1511 rei,

369 1527 525 1568 Omnes
559 1527 747 1568 scierunt
776 1527 999 1568 numinum
1031 1529 1317 1581 praesentiam

368 1597 470 1639 Vati
503 1597 668 1639 dedisse
701 1597 833 1638 vitam
865 1598 1069 1639 mercedis
1102 1598 1208 1640 loco.

552 1738 749 1781 {POETA
775 1739 849 1772 AD
876 1739 1348 1785 PARTICVLONEM.]

440 1810 590 1851 Adhuc
618 1812 845 1864 supersunt
870 1810 1018 1864 multa,
1045 1825 1150 1865 quae
1176 1811 1337 1865 possim
1365 1812 1495 1866 loqui,

367 1881 422 1922 Et
458 1880 852 1935 copiosaabundat
882 1895 1023 1922 rerum
1055 1882 1258 1935 varietasg

371 1950 450 1992 Sed
483 1954 747 2005 temperatae
781 1965 930 1992 suaves
963 1956 1062 1994 sunt
1095 1953 1302 2006 argutiae,

369 2021 611 2063 lnmoclicae
638 2022 867 2063 offendunt.
919 2021 1070 2075 Quare,
1096 2023 1159 2064 vir
1186 2025 1466 2077 sanctissime,

368 2093 605 2146 Particulo,
638 2092 797 2134 chartis
829 2107 983 2134 nomen
1015 2094 1226 2135 victurum
1257 2095 1376 2148 meis,
1690 2108 1710 2138 5

369 2163 534 2205 Latinis
566 2164 666 2205 dum
699 2164 889 2206 manebit
922 2164 1108 2218 pretium
1142 2165 1314 2219 litteris,

159 2309 200 2339 15
228 2315 358 2339 cenam
380 2304 423 2338 1’.
474 2303 567 2338 mihi
591 2303 785 2349 promitte]
812 2315 957 2339 mecum
976 2303 1060 2339 veni
1080 2304 1121 2339 V.
1187 2309 1227 2339 18
1255 2305 1489 2341 dissimulans
1506 2307 1562 2349 M,
1590 2307 1709 2342 ‹limis—

157 2374 233 2398 sam
261 2363 339 2399 cdd.
429 2367 468 2397 19
496 2362 593 2397 redit
619 2362 659 2397 V.
746 2366 790 2397 20
816 2362 962 2407 populis
990 2363 1029 2397 V.
1123 2367 1163 2398 21
1193 2375 1258 2399 om.
1283 2364 1322 2398 V.
1415 2369 1458 2399 22
1492 2367 1562 2401 duo
1597 2379 1709 2410 quum

156 2423 205 2465 N,
231 2422 363 2465 Bentl„
390 2421 538 2456 domino
565 2432 648 2455 cum
680 2421 720 2462 Γ,
746 2432 830 2456 cum
855 2422 926 2457 duo
958 2423 1042 2457 PR.
1118 2427 1162 2457 23
1189 2422 1398 2459 diffluentes
1427 2425 1502 2458 ΓΙ)
1525 2426 1575 2459 ecl.
1601 2426 1709 2460 Broc.

157 2492 312 2526 corpora
342 2480 469 2522 PJW,
502 2491 654 2525 corpore
687 2481 851 2524 Scheffer.
936 2486 980 2516 24
1007 2482 1167 2527 speeiem
1194 2483 1251 2521 N:
1286 2494 1329 2517 επ·
1364 2484 1395 2516 V
1418 2484 1510 2518 nihil
1535 2488 1709 2520 notatum.

156 2541 308 2582 sortasse
333 2550 475 2584 supera.
516 2538 658 2573 servolo
688 2538 724 2571 P
746 2550 790 2573 m.
813 2551 889 2584 pr„
916 2541 961 2575 ]ι’.
1044 2545 1086 2575 23
1114 2544 1315 2586 provocent
1351 2543 1384 2575 P
1395 2542 1441 2585 H,
1480 2554 1553 2577 non
1575 2543 1614 2577 Γ.

158 2604 213 2642 26,
240 2603 283 2633 27
310 2610 375 2633 om.
398 2599 437 2632 V.
530 2602 574 2632 26
600 2597 716 2642 ipsius
746 2599 808 2641 M,
843 2598 942 2633 illius
967 2601 1045 2635 cdd.
1139 2604 1193 2638 27,
1221 2604 1264 2635 28
1293 2602 1363 2635 ima
1391 2602 1517 2636 ordine
1542 2602 1710 2646 loquutur

158 2659 197 2692 in
225 2658 318 2700 PR,
353 2669 444 2692 corr.
466 2669 503 2702 p.
597 2661 641 2691 28
667 2659 857 2702 promorat
881 2659 930 2700 X,
967 2661 1153 2703 premeret
1182 2659 1222 2701 Γ,
1260 2662 1495 2703 promoverat
1523 2661 1557 2693 1²
1569 2660 1613 2695 R.

157 2721 200 2751 29
227 2717 359 2752 domus
392 2727 461 2760 pro
499 2727 666 2750 camarae
696 2716 734 2750 V.
814 2721 858 2751 30
884 2718 1045 2762 repperti
1077 2718 1111 2751 Ι)
1133 2730 1175 2752 m.
1199 2730 1274 2762 pr„
1314 2718 1358 2753 R.
1451 2723 1490 2753 31
1521 2720 1708 2766 narratae]

156 2775 298 2810 vai-iate
317 2771 371 2809 '11
440 2779 483 2809 32
511 2786 542 2809 ο.
570 2774 738 2809 dixerunt
774 2775 812 2809 1'.
863 2776 1048 2810 nominum
1077 2776 1122 2810 Jt.

251 2834 367 2869 Poeta
391 2833 438 2868 ad
463 2833 746 2869 Particulonem.
798 2835 878 2869 Hoc
902 2846 1044 2869 carmen
1069 2836 1164 2879 quod
1196 2836 1235 2869 in
1266 2835 1339 2869 I’Jf
1365 2837 1495 2880 Ieyitur
1514 2840 1597 2880 post
1627 2838 1667 2879 V,
1688 2843 1707 2871 ι’)

157 2893 226 2926 huc
252 2894 427 2927 rec-ocavit
452 2893 652 2927 Broterius.
729 2897 748 2927 3
774 2894 978 2938 temperate
1009 2894 1051 2927 P.
1127 2898 1147 2927 4
1173 2893 1391 2929 immodica-e
1420 2895 1605 2938 Iu'ittersle„
1641 2896 1707 2931 im-

157 2950 302 2987 modica
331 2951 417 2985 PR.
492 2955 512 2985 5
540 2950 630 2985 artis
660 2951 745 2995 PR,
773 2963 863 2986 corr.
884 2964 923 2997 1).
974 2952 1134 2987 viturum
1166 2953 1206 2987 Ι).
