2028 3310
890 217 1032 251 LIBER
1056 216 1100 250 ΙΙ.
1717 219 1766 256 ll)

432 323 616 378 Ambae,
648 324 779 365 videri
811 325 910 365 dum
942 325 1093 366 volunt
1124 324 1189 365 illi
1222 338 1357 377 pares,

432 393 623 447 Capillos
656 394 819 435 homini
852 395 994 448 legere
1027 409 1201 448 coepere
1234 394 1426 435 invicem.

431 464 512 512 Qui
545 478 591 504 se
622 467 793 517 putaret
826 464 931 517 fingi
964 479 1065 505 cura
1097 465 1338 516 mulierum,

431 532 587 574 Calvus
619 537 794 587 repente
826 534 965 575 factus
999 536 1082 587 est3
1114 549 1212 575 nam
1246 535 1436 575 funditus

429 602 569 644 Canos
601 604 767 657 puella,
795 604 942 657 nigros
976 619 1081 645 anus
1115 604 1332 645 evellerat.
1726 617 1766 645 10

951 744 1029 785 ΠΙ.

238 813 499 858 [AESOPVS
525 815 601 847 AD
629 815 911 855 QVENDAM
937 816 1010 848 DE
1037 815 1310 847 SVCCESSV
1336 814 1738 857 INPROBORVM.}

495 885 725 927 Laceratus
758 886 928 940 quidam
963 900 1109 926 morsu
1142 885 1327 926 vementi
1360 886 1477 925 canis

425 956 625 998 Tinctum
658 971 804 998 eruore
837 971 991 1010 panem
1024 956 1144 997 misit
1176 956 1356 1007 malfico,

424 1027 633 1068 Audierat
665 1042 757 1068 esse
790 1027 900 1081 quod
933 1026 1167 1068 remedium
1199 1027 1398 1067 vulneris.

423 1096 542 1138 Tunc
574 1098 634 1138 sic
666 1097 880 1151 Aesopus:
919 1097 1009 1138 noli
1041 1111 1184 1138 coram
1216 1097 1412 1150 pluribus

423 1165 517 1208 Hoc
547 1166 688 1209 facere
720 1167 915 1221 canibus,
947 1181 999 1207 ne
1032 1181 1109 1207 nos
1142 1167 1262 1207 vivos
1294 1166 1511 1220 devorent,
1744 1180 1762 1207 ῑ,

423 1235 530 1277 Cum
563 1237 738 1277 scierint
771 1251 862 1277 esse
893 1236 982 1277 tale
1015 1236 1165 1290 culpae
1197 1236 1445 1289 praemium.

493 1305 722 1347 Successus
755 1307 1037 1360 inproborum
1070 1307 1214 1359 plures
1248 1306 1396 1347 allicit.

950 1447 1023 1488 IV.

605 1517 854 1561 mavum,
887 1518 1062 1550 FELES
1089 1519 1158 1550 ET
1185 1517 1362 1560 APER.1

491 1590 650 1644 Aquila
681 1589 726 1630 in
758 1588 932 1630 sublimi
966 1584 1122 1643 querc'u
1156 1589 1303 1629 nidum
1336 1588 1513 1638 fecerat3

419 1659 542 1700 Feles
575 1673 799 1700 cavernam
831 1661 988 1700 nancta
1020 1659 1062 1699 in
1095 1658 1234 1699 media
1265 1662 1509 1712 pepererat3

421 1730 499 1771 Sus
532 1730 715 1771 nemoris
748 1730 905 1771 cultrix
936 1729 1075 1770 fetum
1108 1729 1160 1770 ad
1192 1729 1323 1769 imam
1357 1732 1571 1782 posuerat.

420 1800 529 1841 Tum
560 1800 789 1841 fortuitum
822 1800 926 1841 feles
960 1800 1286 1842 contubernium

418 1869 583 1911 Fraude
616 1873 658 1911 et
691 1871 873 1912 scelesta
906 1871 966 1912 sic
998 1871 1154 1912 evertit
1185 1871 1365 1912 malitia.
1740 1882 1759 1910 ι’)

419 1941 485 1981 Ad
517 1941 663 1981 nidum
696 1941 863 1982 scandit
894 1941 1098 1983 volucris:
1138 1941 1364 1995 pernicies,
1397 1941 1471 1994 ait,

419 2010 517 2051 Tibi
549 2013 742 2065 paratur,
774 2011 921 2052 forsan
954 2014 996 2052 et
1028 2012 1209 2053 miserae
1241 2011 1363 2064 mihi3

418 2081 531 2122 Nam
563 2081 707 2123 fodere
739 2085 898 2123 terram
931 2082 1041 2136 quod
1075 2082 1192 2123 vides
1226 2082 1382 2123 cotidie

418 2152 582 2205 Aprum
615 2152 886 2206 insidiosum,
919 2167 1120 2207 quereum
1152 2153 1245 2194 vult
1278 2155 1482 2205 evertere,

416 2221 479 2262 Vt
509 2224 701 2263 nostram
733 2223 778 2263 in
810 2222 937 2276 plano
970 2223 1095 2264 facile
1122 2223 1371 2277 progeniem
1399 2223 1627 2276 opprimat.
1716 2235 1757 2264 10

417 2292 594 2334 Terrore
628 2294 763 2334 offuso
797 2296 839 2334 et
870 2294 1134 2347 perturbatis
1168 2294 1363 2335 sensibus

417 2362 595 2416 Derepit
627 2363 679 2404 ad
712 2364 850 2405 cubile
883 2367 1051 2406 setosae
1085 2365 1190 2405 suis:

417 2432 595 2487 Magno,
627 2434 784 2488 inquit,
816 2434 861 2475 in
891 2434 1052 2488 periclo
1085 2438 1185 2475 sunt
1216 2435 1307 2475 nati
1340 2435 1420 2489 tui3

204 2587 224 2618 8
251 2584 355 2629 pingi
383 2584 428 2626 P,
454 2584 488 2618 R
514 2587 554 2618 ut
582 2585 669 2628 vicl„
701 2585 789 2630 fingi
815 2586 1019 2630 Scioppius.

298 2643 350 2676 ΙΙΙ
376 2643 482 2677 inser.
511 2643 668 2686 quedam
699 2644 740 2677 1².
817 2649 833 2678 1
862 2644 1024 2679 vementi
1050 2644 1095 2678 M
1115 2644 1339 2687 (vehementi
1364 2645 1620 2688 mmmm-sius),
1646 2645 1753 2679 velie-

204 2701 338 2736 mentis
367 2701 452 2736 PR.
528 2706 546 2735 2
575 2702 674 2736 misit
701 2703 856 2746 Gudiecs,
883 2703 1037 2737 immisit
1064 2703 1150 2738 PR.
1228 2708 1247 2737 5
1275 2706 1315 2737 ut
1342 2714 1404 2738 vos
1432 2706 1516 2747 (pro
1543 2703 1658 2747 vivos)
1685 2703 1752 2748 Jn’y.

205 2763 223 2793 7
251 2759 377 2794 allicet
401 2760 448 2794 R.

299 2818 360 2862 IV,
387 2823 406 2852 2
433 2821 569 2870 nancta
597 2820 681 2853 ΡΗ.
765 2825 782 2855 7
810 2820 939 2855 misere
969 2822 1012 2855 P.
1101 2824 1121 2854 8
1148 2819 1280 2854 cotidie
1311 2819 1396 2853 PR.
1462 2824 1500 2853 11
1531 2820 1647 2855 offuso
1673 2821 1753 2854 Im-

204 2877 328 2920 tersh„
372 2878 486 2912 effuso
515 2878 601 2912 PR.
702 2882 743 2912 1-2
770 2878 915 2923 derepit
941 2879 1104 2920 Colerus,
1148 2878 1274 2922 diripit
1304 2877 1389 2912 PR.
1492 2882 1530 2912 13
1558 2879 1695 2923 periclo
1721 2872 1754 2921 r}

204 2935 368 2980 periculo
398 2936 440 2970 P.
