2028 3310
579 220 964 258 COMMENTARIVS
991 222 1041 257 IN
1066 222 1348 258 PHAEDRVM.
1657 225 1736 265 101

187 329 462 371 inveniuntur
493 329 688 371 nonnulli
725 333 773 372 ut
810 331 854 372 in
885 330 973 372 illis
1011 331 1154 372 utilius
1186 331 1246 372 m'l
1276 345 1356 374 esse
1386 330 1560 385 homini,
1604 332 1738 373 laboro

189 399 250 441 nil
279 403 396 453 atq-ue
426 401 605 454 optimis,
648 400 878 443 Simonides
908 402 1014 443 idem
1051 401 1136 455 ille,
1180 405 1274 443 teme
1307 402 1419 453 falsa
1454 403 1588 455 ‘e'mayo
1623 405 1739 455 atquc

187 471 328 524 operis,
358 470 516 525 ubique
548 471 593 512 in
623 471 824 512 finalibus
858 486 881 512 a
902 471 1071 525 vulgari
1090 471 1269 513 flexione
1294 472 1462 525 alienis,
1495 472 1612 513 cuius
1637 486 1737 513 saue

187 541 318 582 etiam
351 544 416 582 est
447 540 706 582 condicionis
738 540 975 594 particulae
1007 541 1201 593 quoniam
1234 541 1397 583 ultima.

305 611 343 661 3,
370 611 396 652 2
426 624 575 663 suoque
611 624 644 651 e.
677 625 715 664 q.
749 625 797 665 s.;
841 610 881 651 h.
915 625 947 652 e.
984 624 1133 664 suoque
1167 613 1308 664 potius
1353 615 1396 652 ut
1438 612 1557 653 libeat
1599 611 1737 653 habitu·

188 682 312 723 vitam
341 682 487 735 deqere.
543 684 693 722 notum
725 694 860 735 genus
893 681 1071 722 dicendi.
1526 695 1531 698 ⁴

303 752 341 806 3,
370 753 392 793 7
594 766 636 793 se
670 751 843 793 miscuit
873 766 1089 806 pavonum
1121 752 1310 793 formoso
1343 753 1477 807 gregi.

185 837 292 877 quae
324 822 472 864 relicta
506 826 630 863 erant
662 822 779 876 prius
813 836 836 863 a
867 821 992 863 nobis
1025 821 1154 863 elisae
1186 822 1231 862 in
1262 822 1403 876 prima
1435 822 1548 863 thesi
1578 822 1736 864 vocalis

184 892 390 947 exempla,
423 907 516 934 cum
544 907 643 946 pars
670 891 891 934 doctorum
912 892 1101 933 arbitriis
1123 896 1234 933 esset
1254 895 1426 946 novata,
1457 907 1556 946 pars
1576 892 1737 934 fraudis

185 966 383 1018 suspecta
421 969 493 1004 aut
532 962 736 1004 facillime
776 977 882 1017 quae
920 967 1064 1016 posset
1103 963 1217 1016 tolli,
1262 963 1406 1004 omnia
1444 963 1529 1004 iam
1568 963 1737 1004 sublata

184 1037 295 1075 sunt.
358 1034 427 1075 vix
461 1033 573 1075 enim
606 1037 670 1075 est
702 1033 927 1088 probabile
960 1032 1221 1087 Phaedrum,
1254 1033 1473 1075 hominem
1505 1033 1618 1075 circa
1649 1034 1738 1075 iun-

183 1104 343 1159 gendas
371 1105 536 1146 vocales
561 1104 953 1158 diligentissimum,
979 1108 1068 1145 tam
1088 1103 1236 1145 duram
1258 1104 1481 1145 admisisse
1502 1104 1737 1158 elisionem,

183 1190 279 1216 cum
299 1175 551 1230 praesertim
577 1175 776 1216 maluerit
808 1174 945 1216 dicere
978 1174 1060 1227 ΙΙῘ,
1086 1175 1124 1224 9,
1151 1175 1177 1216 6
1209 1189 1367 1229 quaeso,
1400 1179 1482 1216 tam
1507 1178 1736 1229 anynstam,

183 1261 267 1287 non
299 1249 384 1287 tam
413 1249 647 1299 anyusz‘am,
677 1256 854 1298 quaeso.v

300 1317 339 1370 3,
359 1317 385 1357 9
419 1316 522 1357 male
552 1317 774 1365 mulcatns;
808 1315 1076 1369 allitteratio,
1108 1315 1179 1357 secl
1213 1316 1255 1356 in
1288 1316 1469 1357 formula
1504 1320 1549 1358 ut
1572 1316 1624 1369 ΙΙ,
1654 1318 1689 1368 1,
1709 1318 1734 1357 6

182 1387 336 1428 rettulit
366 1390 469 1428 retro
492 1387 654 1440 pedem3
687 1401 784 1427 nam
819 1386 981 1440 alioqui
1012 1386 1231 1427 rarissime
1265 1401 1314 1428 ea
1346 1387 1482 1428 utitur
1514 1386 1590 1427 Ph.

298 1458 338 1511 4,
363 1458 391 1498 4
530 1457 743 1511 aliamque
776 1457 979 1510 praedam
1012 1457 1064 1498 ab
1099 1457 1237 1498 altero
1269 1457 1372 1498 ferri
1404 1461 1573 1511 putans.

182 1526 312 1582 Syrus
343 1528 394 1569 ab
425 1529 508 1569 alio
539 1531 731 1581 expectes,
763 1527 883 1568 alteri
913 1528 1020 1580 qnod
1046 1527 1198 1579 feceris.

298 1598 337 1649 5,
366 1599 402 1652 7,
429 1599 454 1640 8
486 1599 681 1651 quoniam
700 1623 757 1626 —
776 1598 896 1650 quiem
935 1598 997 1639 ita
1023 1598 1062 1651 2,
1090 1599 1126 1652 7,
1153 1599 1177 1640 8
1211 1612 1292 1640 non
1323 1600 1421 1651 quia
1452 1599 1624 1640 erudelis
1658 1599 1733 1652 ille,

178 1670 249 1711 sed
275 1670 470 1722 quoniam
497 1673 657 1723 yrarest
687 1682 802 1710 omme
832 1670 1000 1711 insuetis
1031 1683 1143 1711 omes.

298 1741 336 1793 5,
365 1740 386 1780 7
422 1741 609 1781 nominor
638 1740 834 1792 quoniam
865 1739 939 1793 leo,
979 1740 1005 1780 i.
1031 1754 1065 1781 e.
1096 1741 1193 1793 quia
1227 1754 1296 1781 rese
1325 1754 1416 1781 sum
1445 1740 1642 1791 ferarum.

297 1811 336 1864 5,
363 1811 387 1852 8
420 1811 518 1864 quia
555 1824 645 1852 sum
681 1811 833 1859 socius;
884 1810 1107 1852 confirmat
1146 1810 1346 1852 Withofii
1390 1810 1732 1852 emendationem

181 1880 362 1922 Babrius
395 1882 463 1935 67,
490 1881 517 1923 5
545 1896 653 1936 sqq.:

391 1952 463 1993 καὶ
495 1948 576 2005 τὴν
607 1948 687 2005 μὲν
720 1947 866 2000 αὐτός.
899 1953 1022 2004 φησί,
1055 1949 1247 2005 λήψομαι
1280 1951 1466 2004 πρῶτος·

391 2017 596 2075 βασιλεὺς
626 2018 708 2074 γάρ
742 2022 846 2076 εἰμι·
879 2020 1075 2076 λήψομαι
1108 2018 1156 2062 δὲ
1187 2017 1395 2074 κάκείνην

392 2089 451 2142 ὡς
482 2091 525 2142 ἐξ
558 2095 658 2133 ἴσου
689 2089 917 2141 κοινωνός.

297 2164 336 2217 5,
367 2164 419 2205 10
450 2163 632 2205 fortasse
666 2163 769 2204 male
799 2163 1036 2217 adfliqetnr,·
1069 2167 1114 2204 ut
1148 2161 1185 2217 I,
1210 2163 1274 2216 10,
1299 2163 1347 2203 11
1384 2162 1509 2204 leonis·
1528 2163 1730 2218 ctslslc'yun-

179 2237 247 2275 mr
276 2234 473 2276 horrendo
503 2235 665 2288 impetu.

297 2305 336 2358 8,
367 2306 414 2345 11
457 2305 585 2360 vulgo
623 2319 689 2347 ore
718 2319 821 2358 quae
850 2320 870 2346 e
902 2309 1055 2359 nostro,
1098 2304 1326 2346 durissima
1367 2303 1555 2345 elisione.
1626 2305 1730 2346 illud

178 2376 342 2427 auferre
373 2389 468 2417 cum
500 2375 646 2429 simpli
679 2375 868 2417 ablativo
908 2391 993 2417 non
1026 2376 1165 2417 minus
1197 2374 1369 2416 hercule
1402 2374 1577 2428 iungere
1611 2375 1732 2417 licuit

179 2446 374 2488 Phaedro
408 2460 536 2500 quam
567 2447 741 2488 emittere
771 2446 812 2499 Ι,
842 2448 906 2500 13,
936 2447 1006 2500 103
1038 2447 1238 2488 dimittere
1269 2444 1348 2498 VI,
1373 2446 1442 2497 23,
1469 2445 1507 2485 6.

296 2516 335 2570 Ι,
367 2517 406 2570 9,
429 2517 449 2557 1
484 2517 754 2567 ostendemus;
787 2518 850 2559 ita
881 2521 995 2559 recte
1026 2517 1159 2559 docti:
1190 2531 1290 2558 nam
1311 2515 1529 2557 Phaedrus
1562 2515 1606 2556 in
1640 2530 1731 2569 pro-

179 2586 359 2642 mythiis
392 2590 435 2628 et
466 2586 658 2640 prologis
690 2587 946 2642 ubicumque
978 2587 1168 2642 loquitur
1200 2587 1249 2627 de
1282 2585 1440 2627 fabulis
1476 2586 1730 2640 promendis,

179 2672 305 2712 saepe
336 2658 493 2709 futuro,
526 2671 760 2711 numquam
793 2657 1062 2699 ooniunctivo
1095 2657 1206 2698 solet
1236 2657 1311 2698 uti.

297 2728 337 2782 9,
363 2729 388 2769 3
421 2727 534 2769 male
555 2726 774 2768 Bentleius
806 2741 853 2768 ac
883 2727 1010 2780 fletus.
1059 2728 1176 2779 fletus
1207 2731 1243 2768 et
1272 2728 1453 2778 dantem,
1483 2741 1730 2780 numquam,

180 2798 291 2853 quod
323 2798 497 2851 mirere,
539 2798 680 2839 edendi
711 2797 841 2839 verbo
881 2812 980 2839 usus
1014 2812 1106 2839 esse
1143 2797 1310 2838 videtur
1343 2795 1577 2848 l'haedrus3
1630 2811 1728 2838 nam

178 2883 230 2910 ne
268 2868 349 2911 hoc
387 2868 559 2924 quidem
596 2869 640 2909 in
678 2868 790 2921 loco,
838 2868 912 2909 ubi
944 2868 1168 2922 utriusque
1200 2866 1356 2908 codicis
1395 2866 1590 2908 fimatur
1628 2867 1728 2908 scri-

177 2942 320 2993 ptura,
351 2939 528 2981 tolerari
558 2938 711 2993 potuit.
