2028 3310
886 854 1137 899 CAPVT
1187 854 1221 901 Ι.

590 956 665 998 DE
699 956 960 998 PHAEDRI
996 957 1135 998 VITA
1170 957 1242 998 ET
1276 956 1545 998 SCRIPTIS.

403 1074 433 1115 l.
485 1073 701 1115 Phaedrus
736 1074 824 1115 sive
858 1075 892 1115 is
927 1078 1102 1116 vocatus
1127 1078 1192 1115 est-
1213 1074 1405 1115 Phaeder
1427 1074 1610 1128 Augusti
1645 1075 1837 1128 libertus,

286 1145 352 1186 vel
386 1145 475 1186 eius
509 1145 578 1198 qui
612 1145 774 1198 primus
809 1145 889 1186 hoc
915 1160 1068 1186 nomen
1102 1145 1266 1198 accepit
1291 1144 1357 1185 vel
1385 1146 1641 1186 successoris
1664 1146 1839 1199 Tiberii,

284 1219 410 1257 natus
452 1220 532 1266 est,
571 1215 780 1256 incertum
815 1230 895 1269 quo
937 1230 1066 1268 anno,
1109 1215 1151 1255 in
1195 1218 1338 1256 monte
1370 1214 1512 1256 Pierio
1558 1216 1671 1269 apud
1703 1216 1838 1257 Mace—

285 1285 430 1326 donas.
491 1284 607 1325 Idem
642 1289 786 1326 tenera
820 1285 955 1327 adhuc
994 1287 1133 1326 aetate
1172 1286 1211 1326 in
1248 1285 1509 1327 occidentem
1544 1285 1709 1327 videtur
1743 1302 1834 1328 esse

284 1355 463 1409 delatus,
496 1369 589 1396 cum
624 1356 713 1409 ipse
747 1359 927 1409 asserat,
972 1370 1148 1409 puerum
1182 1370 1226 1396 se
1258 1356 1414 1410 legisse
1452 1357 1492 1397 in
1529 1356 1675 1398 schola
1707 1357 1837 1399 Ennii

285 1425 492 1480 quendam
525 1440 712 1479 versum,
744 1425 832 1466 sive
854 1425 1016 1467 Romae
1051 1426 1092 1466 id
1125 1426 1205 1466 fuit
1239 1426 1326 1466 sive
1347 1426 1491 1480 potius
1513 1427 1629 1468 alibi.
1673 1427 1835 1469 Romae

284 1496 394 1537 enim
435 1496 547 1537 haud
586 1497 648 1537 ita
680 1496 860 1537 multum
899 1500 997 1550 post
1032 1495 1212 1550 Vergilii
1252 1500 1294 1537 et
1326 1495 1499 1537 Horatii
1539 1497 1704 1539 obitum
1743 1499 1836 1540 sub-

283 1568 415 1608 latam
449 1567 623 1608 omnino
658 1581 678 1607 e
712 1566 822 1608 ludis
855 1567 1129 1620 antiquorum
1156 1566 1407 1608 memoriam
1428 1567 1628 1609 docemur
1648 1569 1708 1609 eis
1729 1583 1835 1623 quae

282 1638 332 1679 de
360 1638 533 1679 Valerio
573 1637 732 1691 Probo,
777 1637 961 1679 Pha-edri
1001 1638 1187 1692 aequali,
1232 1638 1361 1679 tradit
1404 1637 1630 1679 Suetonius
1675 1640 1742 1691 [de
1774 1640 1835 1681 ill.

283 1722 461 1764 gramm.
484 1709 570 1761 24].
634 1708 833 1751 Ceterum
873 1709 944 1750 ubi
984 1709 1027 1750 in
1060 1709 1269 1750 familiam
1303 1707 1533 1750 Caesarum
1566 1709 1754 1762 transiit,
1794 1714 1837 1751 et

282 1779 523 1821 liberalium
552 1780 708 1820 artium
742 1780 882 1821 studio
917 1782 958 1821 et
978 1780 1233 1821 dexteritate
1261 1794 1426 1821 morum
1449 1780 1599 1833 effecit,
1635 1783 1677 1821 ut
1706 1780 1832 1821 liber-

283 1853 370 1892 tate
403 1850 644 1892 donaretur.

401 1921 491 1962 Iam
526 1923 732 1975 regnante
759 1919 929 1961 Tiberio
964 1935 1058 1962 cum
1090 1921 1170 1962 duo
1206 1920 1449 1962 fabularum
1483 1921 1702 1962 volumina
1735 1922 1834 1962 emi-

282 1992 425 2043 sisset,
458 1989 601 2031 Seiani
634 1989 781 2030 fraude
814 1992 880 2031 est
912 1990 1240 2032 circumventus.
1285 1990 1421 2032 Erant
1443 1991 1554 2032 enim
1583 1991 1624 2032 in
1647 1991 1706 2033 eis
1729 2006 1835 2046 quae

281 2061 493 2102 serviente
533 2060 706 2102 civitate
749 2063 787 2100 et
827 2064 979 2102 cuncta
1018 2061 1248 2115 malignius
1288 2061 1597 2115 interpretante
1631 2061 1741 2105 haud
1776 2062 1829 2103 in-

281 2131 499 2173 commode
531 2132 709 2184 possent
741 2129 853 2171 flecti
886 2130 929 2171 in
962 2131 1040 2172 hos
1073 2131 1208 2185 ipsos,
1252 2133 1299 2172 ut
1336 2134 1439 2185 puta
1482 2146 1589 2185 quae
1629 2131 1677 2172 (19
1719 2131 1834 2172 ranis

283 2215 425 2256 regem
460 2201 705 2255 petentibus
740 2200 804 2241 vel
837 2200 886 2241 de
913 2201 1090 2255 graculo
1115 2202 1387 2256 superbiente
1420 2201 1508 2242 sive
1542 2202 1592 2241 de
1626 2202 1712 2243 sole
1738 2217 1835 2244 uxo-

281 2288 369 2313 rem
402 2272 578 2312 ducturo
610 2274 882 2325 prompserat
915 2271 1114 2325 scriptor,
1153 2286 1205 2312 ne
1238 2271 1323 2312 alia
1349 2271 1570 2326 pleraque,
1603 2287 1709 2325 quae
1742 2287 1834 2326 pra-

283 2343 413 2383 vitate
452 2342 736 2383 conscientiae
777 2344 850 2383 aut
882 2341 1127 2396 suspicandi
1160 2341 1403 2382 temeritate
1435 2341 1550 2382 trahi
1582 2344 1758 2395 potuere
1792 2343 1834 2383 in

281 2414 458 2466 crimen,
502 2427 613 2454 nunc
652 2416 892 2467 tangamus.
950 2412 1071 2461 Quod
1111 2427 1206 2453 cum
1248 2413 1308 2452 ita
1342 2415 1472 2465 esset,
1518 2427 1542 2452 a
1575 2411 1728 2453 Seiano
1769 2413 1833 2453 vel

281 2484 506 2526 clientibus
541 2483 683 2525 Seiani
723 2483 961 2525 maiestatis
1002 2486 1067 2524 est
1105 2486 1328 2524 accusatus
1367 2483 1677 2537 damnatusque
1722 2483 1833 2524 haud

281 2555 418 2608 dubie,
451 2554 531 2595 etsi
558 2554 608 2595 de
635 2569 771 2608 poena
799 2555 886 2595 eius
907 2568 991 2595 non
1026 2555 1131 2595 satis
1165 2556 1346 2595 constat.
1402 2553 1550 2607 Neque
1585 2568 1681 2594 vero
1706 2554 1833 2595 int-er-

280 2626 392 2667 fecto
415 2624 568 2665 Seiano
602 2624 874 2665 inimicorum
908 2624 1004 2666 odio
1039 2627 1082 2665 et
1114 2623 1396 2665 insectatione
1428 2623 1564 2664 caruit
1590 2623 1713 2677 idom,
1746 2624 1835 2678 qui-

281 2697 359 2737 bus
399 2694 630 2736 obnoxium
670 2709 713 2735 se
754 2694 982 2735 identidem
1018 2694 1178 2735 fatetur
1215 2694 1325 2735 libro
1368 2693 1508 2735 tertio.
1575 2693 1700 2734 Hunc
1739 2709 1833 2735 eum

281 2765 476 2807 leniendo
510 2765 646 2806 dolori
669 2765 997 2819 composuisset,
1028 2765 1228 2820 Eutycho
1250 2764 1419 2805 cuidam
1440 2764 1658 2819 inscripsit
1678 2765 1832 2806 liberto

282 2835 326 2878 C.
348 2834 545 2877 Caesaris
567 2836 633 2877 vel
650 2833 836 2890 Claudii,
868 2851 993 2891 quem
1027 2836 1155 2877 simul
1183 2838 1230 2877 ut
1256 2850 1299 2876 se
1321 2834 1557 2876 vindicaret
1582 2850 1607 2876 a
1632 2835 1832 2889 periculis

281 2906 543 2947 instantibus
582 2906 763 2961 rogavit.
825 2906 942 2948 Idem
981 2910 1125 2948 tamen
1164 2907 1355 2948 insecuto
1393 2909 1585 2959 tempore
1624 2921 1647 2946 a
1685 2906 1831 2947 noxio-
