2028 3310
496 237 558 271 DE
584 236 903 271 EMENDANDIS
930 236 1143 270 PHAEDRI
1170 234 1382 269 FABVLIS.
1620 233 1717 268 XVI!

174 345 404 386 maximam
443 345 524 385 sim
556 347 754 397 expertus
788 344 1033 385 comitatem
1067 347 1108 385 et
1141 345 1309 385 constet
1340 343 1556 383 litteratos
1590 340 1721 382 Galli-

175 429 257 468 cos,
290 415 497 469 siquando
531 414 706 455 veniunt
737 417 780 454 in
811 414 1028 466 Rossiam,
1067 429 1231 454 summo
1271 428 1438 466 semper
1476 415 1519 452 et
1551 412 1721 466 publico

175 488 218 526 et
248 484 417 539 privato
451 484 587 538 excipi
619 483 772 524 studio.
833 483 943 523 Eum
982 487 1126 524 tamen
1158 485 1342 524 fructum
1375 497 1528 536 operae
1561 482 1722 535 impen-

175 570 247 596 sae
279 553 467 608 percepi,
511 555 559 594 ut
596 555 859 593 monstraret
892 552 996 593 mihi
1035 552 1223 593 codicem
1263 568 1383 593 suum
1421 566 1643 606 possessor
1681 555 1723 592 et

173 625 356 679 paucula
386 638 454 664 me
487 637 537 664 ex
568 637 618 664 eo
651 623 874 676 decerpere
907 623 1078 664 sineret.
1121 623 1185 663 Ex
1208 638 1289 677 quo
1311 638 1404 664 eam
1426 623 1567 664 animo
1589 622 1723 663 imbui

175 695 438 748 opinionem,
481 693 736 747 Bergerum,
779 693 862 734 11131
902 694 1033 735 fuerit
1070 708 1095 734 a
1132 693 1355 747 prudentia
1396 696 1437 733 et
1475 708 1575 734 cura
1607 693 1723 734 omni

175 766 335 806 alienus
369 765 412 806 in
445 764 667 818 scripturis
701 764 856 806 codicis
889 763 1199 816 describendis,
1251 764 1421 817 qualem
1460 778 1554 805 eum
1593 763 1724 804 fuisse

175 835 348 877 minime
387 836 610 890 probabile
644 838 727 889 est,
770 850 822 876 ne
867 835 1058 889 potuisse
1097 834 1265 889 quidem
1309 848 1484 887 peccare
1529 835 1726 875 multum.

174 906 254 947 Est
287 906 400 947 enim
433 909 630 947 exaratus
659 906 871 960 scriptura
902 905 1165 946 nitidissima
1197 908 1240 945 et
1271 904 1479 946 facillima
1508 905 1558 945 ad
1586 905 1725 958 legen-

175 976 291 1029 dum,
330 991 435 1017 saec.
463 976 522 1017 IX
550 975 616 1016 vel
642 975 699 1029 X,
736 989 862 1029 quam
896 973 1211 1030 Carolingicam
1244 974 1385 1016 solent
1422 989 1572 1016 vocare
1599 974 1725 1028 docti,

174 1062 309 1101 neque
353 1047 485 1088 habet
528 1046 779 1100 compendia
817 1046 1052 1100 scripturae
1096 1046 1179 1087 nisi
1236 1060 1371 1100 pauca
1421 1049 1462 1087 et
1512 1046 1725 1100 vulga1·ia;

175 1117 292 1158 cuius
326 1117 387 1158 rei
426 1117 723 1158 testimonium
761 1117 891 1157 etiam
934 1120 998 1157 est
1037 1117 1277 1171 exemplum
1316 1117 1579 1171 quorundam
1619 1116 1726 1157 codi-

175 1189 234 1230 cis
273 1203 488 1242 versuum,
533 1191 729 1229 accurate
772 1188 1003 1241 redditum,
1048 1188 1159 1242 quod
1199 1187 1243 1228 in
1282 1188 1396 1229 calce
1442 1190 1582 1228 exstat
1626 1186 1725 1227 libri

174 1258 439 1312 Bergeriani.

293 1329 416 1370 Alter
449 1329 634 1383 quinque
665 1328 909 1370 fabularum
936 1329 1146 1370 librorum
1176 1328 1306 1369 codex
1339 1328 1527 1369 eiusdem
1558 1328 1647 1369 fere
1680 1342 1727 1368 ac

174 1398 438 1440 Pithoeanus
472 1398 626 1440 aetatis
666 1397 727 1453 (id
765 1398 875 1452 quod
914 1402 1093 1453 apparet
1131 1414 1181 1440 ex
1221 1398 1452 1453 specimine
1491 1399 1727 1452 scripturae

175 1483 374 1523 expresso
406 1469 451 1510 in
471 1467 668 1510 Seebodii
700 1483 794 1534 nov.
815 1469 977 1510 archivi
1009 1469 1070 1522 H,
1094 1470 1119 1510 3
1152 1483 1221 1524 pg.
1247 1470 1300 1524 1),
1332 1470 1404 1524 qui
1436 1469 1538 1510 olim
1570 1469 1653 1510 fuit
1684 1469 1728 1510 in

174 1539 438 1582 bibliotheca
482 1540 680 1581 abbatiae
707 1539 951 1593 Remensis,
985 1540 1181 1581 incendio
1221 1542 1288 1581 est
1326 1540 1578 1593 absumptus
1618 1555 1727 1580 anno

178 1611 300 1652 1774.
342 1610 406 1652 De
438 1610 519 1651 hoc
550 1610 738 1652 breviter
758 1610 1018 1652 disseruerat
1037 1611 1081 1652 in
1101 1611 1226 1653 fastis
1246 1611 1529 1652 Remensibus
1558 1626 1591 1651 a.
1617 1611 1729 1651 1774

174 1680 446 1734 Vincentius,
498 1681 615 1722 cuius
657 1682 831 1736 repetiit
869 1682 1119 1736 opusculum
1151 1681 1366 1736 Bergerus
1417 1694 1518 1735 pgg.
1551 1682 1602 1722 81
1639 1696 1728 1735 sqq.

176 1741 390 1801 Quaedam
423 1752 552 1793 etiam
584 1752 638 1793 ab
671 1753 818 1794 eodem
838 1752 1067 1793 Vincentio
1101 1755 1200 1793 sunt
1230 1755 1383 1794 notata
1411 1752 1460 1793 de
1481 1752 1726 1793 membrana

175 1823 249 1864 illa
279 1823 324 1864 in
357 1822 524 1864 schedis
558 1823 713 1864 additis
748 1823 924 1864 editioni
957 1822 1188 1876 Parisinae,
1220 1823 1270 1864 de
1304 1838 1386 1878 qua
1412 1823 1575 1864 dicetur
1607 1823 1728 1864 infra.

175 1892 254 1934 Vsi
286 1896 385 1934 sunt
418 1907 467 1934 ea
487 1892 715 1948 Rigaltius,
748 1894 820 1947 qui
853 1897 1072 1947 excerptas
1096 1893 1192 1934 inde
1220 1894 1424 1935 lectiones
1458 1910 1482 1935 a
1503 1894 1728 1935 Sirmondo

175 1963 338 2005 Iesuita
370 1966 607 2017 acceperat,
639 1962 819 2016 Gudius,
853 1963 1123 2017 Vincentius,
1166 1965 1281 2005 cuius
1315 1964 1589 2006 collationem
1622 1965 1728 2005 satis

177 2037 384 2087 accurate,
417 2037 465 2075 ut
484 2034 664 2088 videtur,
697 2034 907 2088 expressit
927 2034 1139 2088 Bergerus
1160 2035 1487 2088 pgg.89—109.
1538 2034 1728 2076 Eandem

176 2104 430 2145 adhibuerat
461 2104 694 2145 Broterius.

292 2174 480 2216 Functus
529 2178 594 2216 est
639 2174 818 2216 Iacobus
867 2173 1067 2216 Claudius
1107 2176 1361 2217 Vincentius
1412 2177 1522 2218 circa
1572 2192 1728 2218 annum

181 2246 291 2287 1770
323 2244 641 2286 bibliothecarii
675 2245 876 2287 abbatiae
904 2245 964 2287 St.
986 2246 1206 2287 [temensis
1235 2262 1420 2300 munere,
1452 2250 1499 2288 ut
1524 2250 1729 2301 appareat

176 2316 271 2357 falli
310 2316 563 2371 Bergerum,
615 2317 686 2371 qui
727 2317 1053 2371 praenominum
1098 2317 1188 2358 eius
1231 2320 1358 2358 notas
1403 2318 1542 2371 ponit:
1595 2318 1636 2359 L.
1669 2317 1730 2371 X„

177 2402 280 2441 quas
315 2390 430 2428 ortas
463 2387 597 2429 videri
624 2402 674 2428 ex
695 2388 957 2442 compendiis
979 2388 1299 2441 vocabulorum,
1332 2402 1438 2442 quae
1472 2391 1572 2429 sunt
1601 2390 1731 2440 simei·

177 2460 221 2498 et
252 2457 424 2498 Iacobus
456 2457 655 2499 Claudius
691 2458 766 2511 (fr.
799 2460 841 2499 et
871 2456 952 2513 IO)
997 2458 1165 2499 monuit
1208 2473 1274 2500 me
1313 2458 1463 2500 Vlixes
1501 2458 1730 2512 Robertus,

177 2527 532 2569 bibliothecarius
571 2527 805 2570 Parisinus.
871 2528 962 2570 Iam
1001 2544 1095 2570 cum
1139 2529 1253 2571 haud
1293 2529 1509 2570 immerito
1554 2532 1728 2583 questus

177 2601 290 2639 esset
322 2597 520 2652 Orellius,
553 2598 664 2653 quod
683 2597 936 2640 Vincentius
969 2599 1014 2640 in
1034 2599 1262 2641 collatione
1282 2599 1476 2641 facienda
1496 2614 1595 2640 usus
1616 2603 1730 2640 esset

176 2668 357 2710 obscura
388 2669 569 2723 quadam
603 2672 646 2710 et
677 2683 907 2723 puerorum
938 2669 982 2710 111
1014 2685 1137 2711 usum
1169 2670 1372 2712 mutilata
1404 2670 1590 2711 editione
1616 2670 1730 2711 Pari—

176 2739 270 2780 sina
302 2738 502 2793 Phaedri,
547 2739 742 2793 quodque
781 2754 832 2780 ne
871 2739 1088 2794 Bergerus
1134 2740 1305 2795 quidem
1350 2741 1394 2781 in
1431 2740 1536 2781 locis
1575 2741 1729 2782 saltem

177 2810 446 2864 gravioribus
477 2809 732 2863 rettulisset,
764 2810 1034 2864 quaenam-in
1055 2824 1105 2851 ea
1125 2812 1292 2851 extaret
1312 2810 1452 2864 lectio,
1484 2825 1563 2866 ego
1589 2826 1730 2853 meum

178 2894 269 2921 esse
301 2880 450 2934 putavi
483 2879 639 2921 iterum
673 2880 894 2921 consulere
926 2883 1051 2921 notas
1085 2880 1315 2922 Vincentii.
1379 2880 1460 2922 Sed
1493 2896 1587 2923 ecce
1620 2896 1731 2923 nova

178 2950 360 2991 Phaedri
394 2950 635 2992 calamitas!
691 2951 856 3004 Nempe
888 2951 930 2992 id
964 2952 1201 3005 exemplum
1242 2951 1443 2992 editionis
1478 2952 1619 3006 11111113,
1665 2953 1728 2993 cui

248 3020 373 3046 Plias-dri
395 3020 526 3050 subulae,
547 3021 589 3046 ed,
612 3021 641 3045 L.
658 3020 828 3046 Μυειωᾱκ,
1427 3022 1448 3055 b
