<?xml version="1.0" encoding="UTF-8"?>
<!DOCTYPE html PUBLIC "-//W3C//DTD XHTML 1.0 Transitional//EN"
    "http://www.w3.org/TR/xhtml1/DTD/xhtml1-transitional.dtd">
<html xmlns="http://www.w3.org/1999/xhtml" xml:lang="en" lang="en">
 <head>
  <title>
</title>
<meta http-equiv="Content-Type" content="text/html;charset=utf-8" />
  <meta name='ocr-system' content='tesseract 3.04.00' />
  <meta name='ocr-capabilities' content='ocr_page ocr_carea ocr_par ocr_line ocrx_word'/>
</head>
<body>
  <div class='ocr_page' id='page_1' title='image "./fabularumaesopia00phaeuoft_0049.png"; bbox 0 0 2028 3310; ppageno 0'>
   <div class='ocr_carea' id='block_1_1' title="bbox 842 215 1714 258">
    <p class='ocr_par' dir='ltr' id='par_1_1' title="bbox 842 215 1714 258">
     <span class='ocr_line' id='line_1_1' title="bbox 842 215 1714 258; baseline 0.008 -7"><span class='ocrx_word' id='word_1_1' title='bbox 842 215 985 252; x_wconf 85' lang='lat' dir='ltr'>LIBER</span> <span class='ocrx_word' id='word_1_2' title='bbox 1010 216 1035 252; x_wconf 92' lang='grc' dir='ltr'>Ι.</span> <span class='ocrx_word' id='word_1_3' title='bbox 1689 217 1714 258; x_wconf 88' lang='lat'><strong>3</strong></span> 
     </span>
    </p>
   </div>
   <div class='ocr_carea' id='block_1_2' title="bbox 374 323 1716 1292">
    <p class='ocr_par' dir='ltr' id='par_1_2' title="bbox 377 323 1228 379">
     <span class='ocr_line' id='line_1_2' title="bbox 377 323 1228 379; baseline 0 -13"><span class='ocrx_word' id='word_1_4' title='bbox 377 323 435 366; x_wconf 82' lang='lat' dir='ltr'>Et</span> <span class='ocrx_word' id='word_1_5' title='bbox 470 326 692 379; x_wconf 83' lang='lat' dir='ltr'>explorato</span> <span class='ocrx_word' id='word_1_6' title='bbox 726 339 826 379; x_wconf 87' lang='lat' dir='ltr'>rege</span> <span class='ocrx_word' id='word_1_7' title='bbox 860 328 1033 366; x_wconf 84' lang='lat' dir='ltr'>cunctas</span> <span class='ocrx_word' id='word_1_8' title='bbox 1068 331 1228 367; x_wconf 86' lang='lat' dir='ltr'>evocat.</span> 
     </span>
    </p>

    <p class='ocr_par' dir='ltr' id='par_1_3' title="bbox 376 395 1319 449">
     <span class='ocr_line' id='line_1_3' title="bbox 376 395 1319 449; baseline -0.001 -13"><span class='ocrx_word' id='word_1_9' title='bbox 376 395 484 437; x_wconf 87' lang='lat' dir='ltr'>Illae</span> <span class='ocrx_word' id='word_1_10' title='bbox 517 396 671 436; x_wconf 91' lang='lat' dir='ltr'>timore</span> <span class='ocrx_word' id='word_1_11' title='bbox 704 396 848 449; x_wconf 87' lang='lat' dir='ltr'>posito</span> <span class='ocrx_word' id='word_1_12' title='bbox 881 396 1080 436; x_wconf 80' lang='lat' dir='ltr'>certatim</span> <span class='ocrx_word' id='word_1_13' title='bbox 1113 395 1319 436; x_wconf 86' lang='lat' dir='ltr'>adnatant</span> 
     </span>
    </p>

    <p class='ocr_par' dir='ltr' id='par_1_4' title="bbox 376 465 1716 589">
     <span class='ocr_line' id='line_1_4' title="bbox 376 465 1716 519; baseline 0 -13"><span class='ocrx_word' id='word_1_14' title='bbox 376 465 641 519; x_wconf 84' lang='lat' dir='ltr'>Lignumque</span> <span class='ocrx_word' id='word_1_15' title='bbox 674 479 827 519; x_wconf 88' lang='lat' dir='ltr'>supera</span> <span class='ocrx_word' id='word_1_16' title='bbox 859 466 986 506; x_wconf 81' lang='lat' dir='ltr'>turba</span> <span class='ocrx_word' id='word_1_17' title='bbox 1017 465 1214 519; x_wconf 87' lang='lat' dir='ltr'>petulans</span> <span class='ocrx_word' id='word_1_18' title='bbox 1249 465 1399 506; x_wconf 90' lang='lat' dir='ltr'>insilit.</span> <span class='ocrx_word' id='word_1_19' title='bbox 1672 476 1716 506; x_wconf 80' lang='lat'>20</span> 
     </span>
     <span class='ocr_line' id='line_1_5' title="bbox 376 534 1398 589; baseline 0 -14"><span class='ocrx_word' id='word_1_20' title='bbox 376 534 497 583; x_wconf 80' lang='lat' dir='ltr'>Quod</span> <span class='ocrx_word' id='word_1_21' title='bbox 529 549 623 575; x_wconf 90' lang='lat' dir='ltr'>cum</span> <span class='ocrx_word' id='word_1_22' title='bbox 655 535 950 589; x_wconf 74' lang='lat' dir='ltr'><strong>inquinassent</strong></span> <span class='ocrx_word' id='word_1_23' title='bbox 982 535 1096 575; x_wconf 88' lang='lat' dir='ltr'>omni</span> <span class='ocrx_word' id='word_1_24' title='bbox 1129 535 1398 585; x_wconf 86' lang='lat' dir='ltr'>contumelia,</span> 
     </span>
    </p>

    <p class='ocr_par' dir='ltr' id='par_1_5' title="bbox 376 604 1397 660">
     <span class='ocr_line' id='line_1_6' title="bbox 376 604 1397 660; baseline 0.001 -16"><span class='ocrx_word' id='word_1_25' title='bbox 376 604 522 645; x_wconf 91' lang='lat' dir='ltr'>Alium</span> <span class='ocrx_word' id='word_1_26' title='bbox 554 607 759 658; x_wconf 80' lang='lat' dir='ltr'>rogantes</span> <span class='ocrx_word' id='word_1_27' title='bbox 792 618 937 659; x_wconf 85' lang='lat' dir='ltr'>regem</span> <span class='ocrx_word' id='word_1_28' title='bbox 971 605 1124 646; x_wconf 83' lang='lat' dir='ltr'>misere</span> <span class='ocrx_word' id='word_1_29' title='bbox 1157 605 1209 646; x_wconf 91' lang='lat' dir='ltr'>ad</span> <span class='ocrx_word' id='word_1_30' title='bbox 1240 604 1397 660; x_wconf 79' lang='lat' dir='ltr'>Iovem,</span> 
     </span>
    </p>

    <p class='ocr_par' dir='ltr' id='par_1_6' title="bbox 374 673 1374 729">
     <span class='ocr_line' id='line_1_7' title="bbox 374 673 1374 729; baseline 0.002 -15"><span class='ocrx_word' id='word_1_31' title='bbox 374 673 545 715; x_wconf 84' lang='lat' dir='ltr'>Inutilis</span> <span class='ocrx_word' id='word_1_32' title='bbox 579 676 782 729; x_wconf 87' lang='lat' dir='ltr'>quoniam</span> <span class='ocrx_word' id='word_1_33' title='bbox 815 678 928 716; x_wconf 88' lang='lat' dir='ltr'>esset</span> <span class='ocrx_word' id='word_1_34' title='bbox 960 675 1030 729; x_wconf 89' lang='lat' dir='ltr'>qui</span> <span class='ocrx_word' id='word_1_35' title='bbox 1064 676 1205 716; x_wconf 88' lang='lat' dir='ltr'>fuerat</span> <span class='ocrx_word' id='word_1_36' title='bbox 1237 675 1374 716; x_wconf 86' lang='lat' dir='ltr'>datus.</span> 
     </span>
    </p>

    <p class='ocr_par' dir='ltr' id='par_1_7' title="bbox 375 744 1436 799">
     <span class='ocr_line' id='line_1_8' title="bbox 375 744 1436 799; baseline 0 -13"><span class='ocrx_word' id='word_1_37' title='bbox 375 744 484 786; x_wconf 82' lang='lat' dir='ltr'>Tum</span> <span class='ocrx_word' id='word_1_38' title='bbox 518 746 637 786; x_wconf 84' lang='lat' dir='ltr'>misit</span> <span class='ocrx_word' id='word_1_39' title='bbox 669 745 757 786; x_wconf 90' lang='lat' dir='ltr'>illis</span> <span class='ocrx_word' id='word_1_40' title='bbox 790 745 991 799; x_wconf 68' lang='lat' dir='ltr'>hydrum,</span> <span class='ocrx_word' id='word_1_41' title='bbox 1024 746 1096 799; x_wconf 87' lang='lat' dir='ltr'>qui</span> <span class='ocrx_word' id='word_1_42' title='bbox 1128 745 1253 786; x_wconf 89' lang='lat' dir='ltr'>dente</span> <span class='ocrx_word' id='word_1_43' title='bbox 1287 760 1436 798; x_wconf 83' lang='lat' dir='ltr'>aspero</span> 
     </span>
    </p>

    <p class='ocr_par' dir='ltr' id='par_1_8' title="bbox 375 814 1716 941">
     <span class='ocr_line' id='line_1_9' title="bbox 375 814 1716 870; baseline 0.001 -14"><span class='ocrx_word' id='word_1_44' title='bbox 375 814 600 870; x_wconf 80' lang='lat' dir='ltr'>Corripere</span> <span class='ocrx_word' id='word_1_45' title='bbox 633 817 775 870; x_wconf 82' lang='lat' dir='ltr'>coepit</span> <span class='ocrx_word' id='word_1_46' title='bbox 808 816 1014 869; x_wconf 86' lang='lat' dir='ltr'>singulas.</span> <span class='ocrx_word' id='word_1_47' title='bbox 1077 815 1256 857; x_wconf 84' lang='lat' dir='ltr'>Frustra</span> <span class='ocrx_word' id='word_1_48' title='bbox 1287 830 1431 857; x_wconf 82' lang='lat' dir='ltr'>necem</span> <span class='ocrx_word' id='word_1_49' title='bbox 1672 828 1716 857; x_wconf 78' lang='lat'>25</span> 
     </span>
     <span class='ocr_line' id='line_1_10' title="bbox 375 885 1416 941; baseline 0 -15"><span class='ocrx_word' id='word_1_50' title='bbox 375 885 583 939; x_wconf 84' lang='lat' dir='ltr'>Fugitant</span> <span class='ocrx_word' id='word_1_51' title='bbox 617 886 786 937; x_wconf 85' lang='lat' dir='ltr'>inertes,</span> <span class='ocrx_word' id='word_1_52' title='bbox 819 901 966 927; x_wconf 88' lang='lat' dir='ltr'>vocem</span> <span class='ocrx_word' id='word_1_53' title='bbox 998 886 1237 941; x_wconf 80' lang='lat' dir='ltr'>praecludit</span> <span class='ocrx_word' id='word_1_54' title='bbox 1269 889 1416 927; x_wconf 85' lang='lat' dir='ltr'>metus.</span> 
     </span>
    </p>

    <p class='ocr_par' dir='ltr' id='par_1_9' title="bbox 374 955 1599 1068">
     <span class='ocr_line' id='line_1_11' title="bbox 374 955 1599 1010; baseline 0 -14"><span class='ocrx_word' id='word_1_55' title='bbox 374 955 542 997; x_wconf 84' lang='lat' dir='ltr'>Furtim</span> <span class='ocrx_word' id='word_1_56' title='bbox 575 957 709 1009; x_wconf 85' lang='lat' dir='ltr'>igitur</span> <span class='ocrx_word' id='word_1_57' title='bbox 742 957 845 997; x_wconf 90' lang='lat' dir='ltr'>dant</span> <span class='ocrx_word' id='word_1_58' title='bbox 877 956 1089 998; x_wconf 84' lang='lat' dir='ltr'>Mercurio</span> <span class='ocrx_word' id='word_1_59' title='bbox 1123 956 1325 997; x_wconf 85' lang='lat' dir='ltr'>mandata</span> <span class='ocrx_word' id='word_1_60' title='bbox 1358 956 1411 997; x_wconf 89' lang='lat' dir='ltr'>ad</span> <span class='ocrx_word' id='word_1_61' title='bbox 1442 955 1599 1010; x_wconf 81' lang='lat' dir='ltr'>Iovem,</span> 
     </span>
     <span class='ocr_line' id='line_1_12' title="bbox 378 1026 1429 1068; baseline 0 -2"><span class='ocrx_word' id='word_1_62' title='bbox 378 1026 573 1067; x_wconf 86' lang='lat' dir='ltr'>Adflictis</span> <span class='ocrx_word' id='word_1_63' title='bbox 607 1030 654 1067; x_wconf 90' lang='lat' dir='ltr'>ut</span> <span class='ocrx_word' id='word_1_64' title='bbox 685 1030 914 1068; x_wconf 80' lang='lat' dir='ltr'>succurrat.</span> <span class='ocrx_word' id='word_1_65' title='bbox 976 1026 1095 1068; x_wconf 90' lang='lat' dir='ltr'>Tunc</span> <span class='ocrx_word' id='word_1_66' title='bbox 1127 1030 1277 1068; x_wconf 87' lang='lat' dir='ltr'>contra</span> <span class='ocrx_word' id='word_1_67' title='bbox 1309 1026 1429 1068; x_wconf 89' lang='lat' dir='ltr'>deus:</span> 
     </span>
    </p>

    <p class='ocr_par' dir='ltr' id='par_1_10' title="bbox 377 1096 1500 1152">
     <span class='ocr_line' id='line_1_13' title="bbox 377 1096 1500 1152; baseline 0.001 -15"><span class='ocrx_word' id='word_1_68' title='bbox 377 1096 485 1145; x_wconf 88' lang='lat' dir='ltr'>Quia</span> <span class='ocrx_word' id='word_1_69' title='bbox 516 1097 720 1138; x_wconf 89' lang='lat' dir='ltr'>noluistis</span> <span class='ocrx_word' id='word_1_70' title='bbox 753 1101 946 1139; x_wconf 83' lang='lat' dir='ltr'>vestrum</span> <span class='ocrx_word' id='word_1_71' title='bbox 977 1098 1106 1151; x_wconf 82' lang='lat' dir='ltr'>ferre,</span> <span class='ocrx_word' id='word_1_72' title='bbox 1139 1098 1296 1152; x_wconf 87' lang='lat' dir='ltr'>inquit,</span> <span class='ocrx_word' id='word_1_73' title='bbox 1328 1097 1500 1151; x_wconf 81' lang='lat' dir='ltr'>bonum,</span> 
     </span>
    </p>

    <p class='ocr_par' dir='ltr' id='par_1_11' title="bbox 375 1166 1712 1292">
     <span class='ocr_line' id='line_1_14' title="bbox 375 1166 1712 1222; baseline 0.001 -14"><span class='ocrx_word' id='word_1_74' title='bbox 375 1166 537 1208; x_wconf 88' lang='lat' dir='ltr'>Malum</span> <span class='ocrx_word' id='word_1_75' title='bbox 569 1167 768 1221; x_wconf 90' lang='lat' dir='ltr'>perferte.</span> <span class='ocrx_word' id='word_1_76' title='bbox 803 1193 859 1198; x_wconf 93' lang='grc'>-</span> <span class='ocrx_word' id='word_1_77' title='bbox 893 1168 981 1209; x_wconf 76' lang='lat' dir='ltr'>Vos</span> <span class='ocrx_word' id='word_1_78' title='bbox 1016 1183 1201 1222; x_wconf 84' lang='lat' dir='ltr'>quoque,</span> <span class='ocrx_word' id='word_1_79' title='bbox 1234 1184 1258 1210; x_wconf 92' lang='lat' dir='ltr'>o</span> <span class='ocrx_word' id='word_1_80' title='bbox 1291 1168 1422 1221; x_wconf 81' lang='lat' dir='ltr'>cives,</span> <span class='ocrx_word' id='word_1_81' title='bbox 1455 1169 1529 1222; x_wconf 83' lang='lat' dir='ltr'>ait,</span> <span class='ocrx_word' id='word_1_82' title='bbox 1667 1180 1712 1210; x_wconf 89' lang='lat'>30</span> 
     </span>
     <span class='ocr_line' id='line_1_15' title="bbox 375 1237 1387 1292; baseline 0.001 -14"><span class='ocrx_word' id='word_1_83' title='bbox 375 1237 467 1279; x_wconf 89' lang='lat' dir='ltr'>Hoc</span> <span class='ocrx_word' id='word_1_84' title='bbox 501 1238 730 1292; x_wconf 78' lang='lat' dir='ltr'>sustinete,</span> <span class='ocrx_word' id='word_1_85' title='bbox 763 1239 901 1280; x_wconf 90' lang='lat' dir='ltr'>maius</span> <span class='ocrx_word' id='word_1_86' title='bbox 934 1254 986 1279; x_wconf 85' lang='lat' dir='ltr'>ne</span> <span class='ocrx_word' id='word_1_87' title='bbox 1022 1239 1181 1292; x_wconf 83' lang='lat' dir='ltr'>veniat,</span> <span class='ocrx_word' id='word_1_88' title='bbox 1214 1239 1387 1280; x_wconf 89' lang='lat' dir='ltr'>malum.</span> 
     </span>
    </p>
   </div>
   <div class='ocr_carea' id='block_1_3' title="bbox 476 1367 1400 1493">
    <p class='ocr_par' dir='ltr' id='par_1_12' title="bbox 476 1367 1400 1493">
     <span class='ocr_line' id='line_1_16' title="bbox 901 1367 975 1409; baseline 0.014 -1"><span class='ocrx_word' id='word_1_89' title='bbox 901 1367 975 1409; x_wconf 92' lang='lat' dir='ltr'>III.</span> 
     </span>
     <span class='ocr_line' id='line_1_17' title="bbox 476 1448 1400 1493; baseline 0 -11"><span class='ocrx_word' id='word_1_90' title='bbox 476 1448 790 1492; x_wconf 70' lang='lat' dir='ltr'><strong>[GRACVLVS</strong></span> <span class='ocrx_word' id='word_1_91' title='bbox 817 1450 1101 1483; x_wconf 79' lang='lat' dir='ltr'>SVPERBVS</span> <span class='ocrx_word' id='word_1_92' title='bbox 1127 1450 1197 1482; x_wconf 75' lang='lat' dir='ltr'>m·</span> <span class='ocrx_word' id='word_1_93' title='bbox 1224 1448 1400 1493; x_wconf 78' lang='lat' dir='ltr'>PAvo.]</span> 
     </span>
    </p>
   </div>
   <div class='ocr_carea' id='block_1_4' title="bbox 374 1519 1718 2490">
    <p class='ocr_par' dir='ltr' id='par_1_13' title="bbox 374 1519 1718 2490">
     <span class='ocr_line' id='line_1_18' title="bbox 445 1519 1232 1574; baseline 0 -14"><span class='ocrx_word' id='word_1_94' title='bbox 445 1519 510 1560; x_wconf 88' lang='lat' dir='ltr'>Ne</span> <span class='ocrx_word' id='word_1_95' title='bbox 543 1519 723 1574; x_wconf 88' lang='lat' dir='ltr'>gloriari</span> <span class='ocrx_word' id='word_1_96' title='bbox 757 1521 891 1562; x_wconf 87' lang='lat' dir='ltr'>libeat</span> <span class='ocrx_word' id='word_1_97' title='bbox 923 1520 1075 1562; x_wconf 83' lang='lat' dir='ltr'>alienis</span> <span class='ocrx_word' id='word_1_98' title='bbox 1108 1520 1232 1561; x_wconf 81' lang='lat' dir='ltr'>bonis</span> 
     </span>
     <span class='ocr_line' id='line_1_19' title="bbox 376 1588 1269 1645; baseline 0 -15"><span class='ocrx_word' id='word_1_99' title='bbox 376 1588 544 1644; x_wconf 78' lang='lat' dir='ltr'>Suoque</span> <span class='ocrx_word' id='word_1_100' title='bbox 577 1591 719 1645; x_wconf 87' lang='lat' dir='ltr'>potius</span> <span class='ocrx_word' id='word_1_101' title='bbox 753 1591 903 1632; x_wconf 89' lang='lat' dir='ltr'>habitu</span> <span class='ocrx_word' id='word_1_102' title='bbox 935 1591 1070 1631; x_wconf 84' lang='lat' dir='ltr'>vitam</span> <span class='ocrx_word' id='word_1_103' title='bbox 1103 1590 1269 1644; x_wconf 82' lang='lat' dir='ltr'>degere,</span> 
     </span>
     <span class='ocr_line' id='line_1_20' title="bbox 374 1659 1351 1714; baseline 0.001 -14"><span class='ocrx_word' id='word_1_104' title='bbox 374 1661 571 1714; x_wconf 88' lang='lat' dir='ltr'>Aesopus</span> <span class='ocrx_word' id='word_1_105' title='bbox 605 1662 728 1703; x_wconf 86' lang='lat' dir='ltr'>nobis</span> <span class='ocrx_word' id='word_1_106' title='bbox 761 1661 842 1702; x_wconf 88' lang='lat' dir='ltr'>hoc</span> <span class='ocrx_word' id='word_1_107' title='bbox 876 1661 1116 1714; x_wconf 87' lang='lat' dir='ltr'>exemplum</span> <span class='ocrx_word' id='word_1_108' title='bbox 1150 1659 1351 1714; x_wconf 82' lang='lat' dir='ltr'>prodidit.</span> 
     </span>
     <span class='ocr_line' id='line_1_21' title="bbox 446 1730 1250 1785; baseline 0.002 -14"><span class='ocrx_word' id='word_1_109' title='bbox 446 1730 634 1772; x_wconf 89' lang='lat' dir='ltr'>Tumens</span> <span class='ocrx_word' id='word_1_110' title='bbox 666 1732 785 1773; x_wconf 90' lang='lat' dir='ltr'>inani</span> <span class='ocrx_word' id='word_1_111' title='bbox 818 1731 1016 1785; x_wconf 86' lang='lat' dir='ltr'>graculus</span> <span class='ocrx_word' id='word_1_112' title='bbox 1050 1732 1250 1785; x_wconf 85' lang='lat' dir='ltr'>superbia</span> 
     </span>
     <span class='ocr_line' id='line_1_22' title="bbox 376 1800 1716 1856; baseline 0.003 -15"><span class='ocrx_word' id='word_1_113' title='bbox 376 1800 542 1841; x_wconf 85' lang='lat' dir='ltr'>Pennas</span> <span class='ocrx_word' id='word_1_114' title='bbox 575 1802 731 1855; x_wconf 77' lang='lat' dir='ltr'>pavoni</span> <span class='ocrx_word' id='word_1_115' title='bbox 765 1817 872 1856; x_wconf 88' lang='lat' dir='ltr'>quae</span> <span class='ocrx_word' id='word_1_116' title='bbox 906 1802 1152 1843; x_wconf 84' lang='lat' dir='ltr'>deciderant</span> <span class='ocrx_word' id='word_1_117' title='bbox 1185 1803 1362 1844; x_wconf 87' lang='lat' dir='ltr'>sustulit</span> <span class='ocrx_word' id='word_1_118' title='bbox 1698 1816 1716 1845; x_wconf 99' lang='grc'>3</span> 
     </span>
     <span class='ocr_line' id='line_1_23' title="bbox 376 1870 1449 1926; baseline 0.002 -14"><span class='ocrx_word' id='word_1_119' title='bbox 376 1870 513 1926; x_wconf 81' lang='lat' dir='ltr'>Seque</span> <span class='ocrx_word' id='word_1_120' title='bbox 546 1873 781 1913; x_wconf 83' lang='lat' dir='ltr'>exornavit.</span> <span class='ocrx_word' id='word_1_121' title='bbox 843 1872 1006 1914; x_wconf 88' lang='lat' dir='ltr'>Deinde</span> <span class='ocrx_word' id='word_1_122' title='bbox 1039 1874 1316 1914; x_wconf 85' lang='lat' dir='ltr'>contemnens</span> <span class='ocrx_word' id='word_1_123' title='bbox 1351 1889 1449 1915; x_wconf 86' lang='lat' dir='ltr'>suos</span> 
     </span>
     <span class='ocr_line' id='line_1_24' title="bbox 376 1941 1272 1997; baseline 0.002 -15"><span class='ocrx_word' id='word_1_124' title='bbox 376 1941 429 1982; x_wconf 86' lang='lat' dir='ltr'>Se</span> <span class='ocrx_word' id='word_1_125' title='bbox 462 1942 632 1983; x_wconf 84' lang='lat' dir='ltr'>miscuit</span> <span class='ocrx_word' id='word_1_126' title='bbox 666 1957 882 1996; x_wconf 87' lang='lat' dir='ltr'>pavonum</span> <span class='ocrx_word' id='word_1_127' title='bbox 915 1943 1103 1984; x_wconf 85' lang='lat' dir='ltr'>formoso</span> <span class='ocrx_word' id='word_1_128' title='bbox 1137 1943 1272 1997; x_wconf 89' lang='lat' dir='ltr'>gregi.</span> 
     </span>
     <span class='ocr_line' id='line_1_25' title="bbox 375 2011 1220 2067; baseline 0.002 -15"><span class='ocrx_word' id='word_1_129' title='bbox 375 2011 445 2052; x_wconf 95' lang='lat' dir='ltr'>Illi</span> <span class='ocrx_word' id='word_1_130' title='bbox 478 2012 702 2067; x_wconf 89' lang='lat' dir='ltr'>inpudenti</span> <span class='ocrx_word' id='word_1_131' title='bbox 734 2027 896 2066; x_wconf 88' lang='lat' dir='ltr'>pennas</span> <span class='ocrx_word' id='word_1_132' title='bbox 931 2013 1117 2067; x_wconf 85' lang='lat' dir='ltr'>eripiunt</span> <span class='ocrx_word' id='word_1_133' title='bbox 1151 2013 1220 2054; x_wconf 79' lang='lat' dir='ltr'>avi</span> 
     </span>
     <span class='ocr_line' id='line_1_26' title="bbox 375 2081 1476 2137; baseline 0.003 -15"><span class='ocrx_word' id='word_1_134' title='bbox 375 2081 628 2137; x_wconf 83' lang='lat' dir='ltr'>Fugantque</span> <span class='ocrx_word' id='word_1_135' title='bbox 660 2083 824 2124; x_wconf 88' lang='lat' dir='ltr'>rostris.</span> <span class='ocrx_word' id='word_1_136' title='bbox 886 2083 999 2124; x_wconf 87' lang='lat' dir='ltr'>Male</span> <span class='ocrx_word' id='word_1_137' title='bbox 1032 2084 1243 2125; x_wconf 88' lang='lat' dir='ltr'>mulcatus</span> <span class='ocrx_word' id='word_1_138' title='bbox 1277 2085 1476 2137; x_wconf 87' lang='lat' dir='ltr'>graculus</span> 
     </span>
     <span class='ocr_line' id='line_1_27' title="bbox 375 2151 1718 2208; baseline 0.004 -16"><span class='ocrx_word' id='word_1_139' title='bbox 375 2151 530 2193; x_wconf 89' lang='lat' dir='ltr'>Redire</span> <span class='ocrx_word' id='word_1_140' title='bbox 563 2168 757 2194; x_wconf 82' lang='lat' dir='ltr'>maerens</span> <span class='ocrx_word' id='word_1_141' title='bbox 791 2154 933 2207; x_wconf 89' lang='lat' dir='ltr'>coepit</span> <span class='ocrx_word' id='word_1_142' title='bbox 966 2154 1017 2195; x_wconf 88' lang='lat' dir='ltr'>ad</span> <span class='ocrx_word' id='word_1_143' title='bbox 1051 2154 1272 2208; x_wconf 87' lang='lat' dir='ltr'>proprium</span> <span class='ocrx_word' id='word_1_144' title='bbox 1305 2167 1458 2208; x_wconf 79' lang='lat' dir='ltr'>ge11us3</span> <span class='ocrx_word' id='word_1_145' title='bbox 1677 2167 1718 2197; x_wconf 89' lang='lat'>10</span> 
     </span>
     <span class='ocr_line' id='line_1_28' title="bbox 377 2223 1387 2278; baseline 0.002 -15"><span class='ocrx_word' id='word_1_146' title='bbox 377 2223 413 2263; x_wconf 83' lang='lat' dir='ltr'><strong>A</strong></span> <span class='ocrx_word' id='word_1_147' title='bbox 447 2239 529 2278; x_wconf 92' lang='lat' dir='ltr'>quo</span> <span class='ocrx_word' id='word_1_148' title='bbox 561 2225 755 2278; x_wconf 86' lang='lat' dir='ltr'>repulsus</span> <span class='ocrx_word' id='word_1_149' title='bbox 789 2225 957 2266; x_wconf 86' lang='lat' dir='ltr'>tristem</span> <span class='ocrx_word' id='word_1_150' title='bbox 992 2225 1197 2266; x_wconf 83' lang='lat' dir='ltr'>sustinuit</span> <span class='ocrx_word' id='word_1_151' title='bbox 1228 2228 1387 2266; x_wconf 87' lang='lat' dir='ltr'>notam.</span> 
     </span>
     <span class='ocr_line' id='line_1_29' title="bbox 375 2293 1504 2349; baseline 0.002 -15"><span class='ocrx_word' id='word_1_152' title='bbox 375 2293 480 2334; x_wconf 87' lang='lat' dir='ltr'>Tum</span> <span class='ocrx_word' id='word_1_153' title='bbox 515 2294 687 2348; x_wconf 88' lang='lat' dir='ltr'>quidam</span> <span class='ocrx_word' id='word_1_154' title='bbox 721 2309 770 2335; x_wconf 76' lang='lat' dir='ltr'>ex</span> <span class='ocrx_word' id='word_1_155' title='bbox 803 2294 909 2348; x_wconf 77' lang='lat' dir='ltr'>illis,</span> <span class='ocrx_word' id='word_1_156' title='bbox 943 2309 1047 2349; x_wconf 86' lang='lat' dir='ltr'>quos</span> <span class='ocrx_word' id='word_1_157' title='bbox 1081 2295 1199 2349; x_wconf 86' lang='lat' dir='ltr'>prius</span> <span class='ocrx_word' id='word_1_158' title='bbox 1232 2295 1504 2348; x_wconf 80' lang='lat' dir='ltr'>despexerat:</span> 
     </span>
     <span class='ocr_line' id='line_1_30' title="bbox 378 2363 1289 2408; baseline 0.001 -3"><span class='ocrx_word' id='word_1_159' title='bbox 378 2363 615 2406; x_wconf 80' lang='lat' dir='ltr'>Contentus</span> <span class='ocrx_word' id='word_1_160' title='bbox 648 2365 808 2406; x_wconf 85' lang='lat' dir='ltr'>nostris</span> <span class='ocrx_word' id='word_1_161' title='bbox 842 2366 879 2406; x_wconf 86' lang='lat' dir='ltr'>si</span> <span class='ocrx_word' id='word_1_162' title='bbox 911 2365 1065 2408; x_wconf 76' lang='lat' dir='ltr'>fuisses</span> <span class='ocrx_word' id='word_1_163' title='bbox 1098 2366 1289 2407; x_wconf 82' lang='lat' dir='ltr'>vestibus</span> 
     </span>
     <span class='ocr_line' id='line_1_31' title="bbox 376 2435 1356 2490; baseline 0.002 -15"><span class='ocrx_word' id='word_1_164' title='bbox 376 2435 434 2476; x_wconf 90' lang='lat' dir='ltr'>Et</span> <span class='ocrx_word' id='word_1_165' title='bbox 467 2435 579 2488; x_wconf 87' lang='lat' dir='ltr'>quod</span> <span class='ocrx_word' id='word_1_166' title='bbox 610 2438 766 2476; x_wconf 89' lang='lat' dir='ltr'>natura</span> <span class='ocrx_word' id='word_1_167' title='bbox 801 2435 977 2477; x_wconf 87' lang='lat' dir='ltr'>dederat</span> <span class='ocrx_word' id='word_1_168' title='bbox 1010 2436 1221 2477; x_wconf 87' lang='lat' dir='ltr'>voluisses</span> <span class='ocrx_word' id='word_1_169' title='bbox 1254 2437 1356 2490; x_wconf 83' lang='lat' dir='ltr'>pati,</span> 
     </span>
    </p>
   </div>
   <div class='ocr_carea' id='block_1_5' title="bbox 163 2573 1720 3031">
    <p class='ocr_par' dir='ltr' id='par_1_14' title="bbox 163 2573 1717 2690">
     <span class='ocr_line' id='line_1_32' title="bbox 164 2573 1717 2631; baseline 0.001 -10"><span class='ocrx_word' id='word_1_170' title='bbox 164 2590 208 2621; x_wconf 78' lang='lat'>‘20</span> <span class='ocrx_word' id='word_1_171' title='bbox 235 2597 368 2631; x_wconf 84' lang='lat' dir='ltr'>supera</span> <span class='ocrx_word' id='word_1_172' title='bbox 385 2587 441 2629; x_wconf 76' lang='lat' dir='ltr'>M,</span> <span class='ocrx_word' id='word_1_173' title='bbox 469 2597 577 2630; x_wconf 84' lang='lat' dir='ltr'>super</span> <span class='ocrx_word' id='word_1_174' title='bbox 595 2585 697 2630; x_wconf 71' lang='lat' dir='ltr'><strong><em>PRy,</em></strong></span> <span class='ocrx_word' id='word_1_175' title='bbox 723 2598 833 2630; x_wconf 88' lang='lat' dir='ltr'>supra</span> <span class='ocrx_word' id='word_1_176' title='bbox 855 2598 882 2620; x_wconf 82' lang='lat' dir='ltr'>r.</span> <span class='ocrx_word' id='word_1_177' title='bbox 935 2591 978 2621; x_wconf 77' lang='lat'>23</span> <span class='ocrx_word' id='word_1_178' title='bbox 999 2587 1098 2630; x_wconf 86' lang='lat' dir='ltr'>quod</span> <span class='ocrx_word' id='word_1_179' title='bbox 1117 2587 1190 2621; x_wconf 88' lang='lat' dir='ltr'>iam</span> <span class='ocrx_word' id='word_1_180' title='bbox 1208 2573 1387 2628; x_wconf 43' lang='lat' dir='ltr'>Zorniiaffi·</span> <span class='ocrx_word' id='word_1_181' title='bbox 1413 2587 1510 2630; x_wconf 89' lang='lat' dir='ltr'>quod</span> <span class='ocrx_word' id='word_1_182' title='bbox 1532 2587 1717 2622; x_wconf 62' lang='lat' dir='ltr'>Heins&#39;oe‘us.</span> 
     </span>
     <span class='ocr_line' id='line_1_33' title="bbox 163 2644 1674 2690; baseline 0 -11"><span class='ocrx_word' id='word_1_183' title='bbox 163 2648 208 2679; x_wconf 75' lang='lat'>20</span> <span class='ocrx_word' id='word_1_184' title='bbox 233 2645 398 2690; x_wconf 82' lang='lat' dir='ltr'>fugitant</span> <span class='ocrx_word' id='word_1_185' title='bbox 427 2645 469 2688; x_wconf 83' lang='lat' dir='ltr'>P,</span> <span class='ocrx_word' id='word_1_186' title='bbox 497 2657 556 2679; x_wconf 83' lang='grc' dir='ltr'>αη.</span> <span class='ocrx_word' id='word_1_187' title='bbox 583 2645 674 2687; x_wconf 60' lang='lat' dir='ltr'>Ml„</span> <span class='ocrx_word' id='word_1_188' title='bbox 700 2644 847 2690; x_wconf 85' lang='lat' dir='ltr'>fugiant</span> <span class='ocrx_word' id='word_1_189' title='bbox 872 2645 940 2690; x_wconf 64' lang='lat' dir='ltr'>Rq.</span> <span class='ocrx_word' id='word_1_190' title='bbox 992 2650 1037 2681; x_wconf 81' lang='lat'>30</span> <span class='ocrx_word' id='word_1_191' title='bbox 1064 2657 1084 2680; x_wconf 94' lang='lat' dir='ltr'>o</span> <span class='ocrx_word' id='word_1_192' title='bbox 1112 2646 1210 2680; x_wconf 81' lang='lat' dir='ltr'>cives</span> <span class='ocrx_word' id='word_1_193' title='bbox 1237 2646 1478 2690; x_wconf 73' lang='lat' dir='ltr'>Bonyarsius.</span> <span class='ocrx_word' id='word_1_194' title='bbox 1504 2645 1603 2679; x_wconf 79' lang='lat' dir='ltr'>cives</span> <span class='ocrx_word' id='word_1_195' title='bbox 1631 2647 1674 2680; x_wconf 90' lang='lat' dir='ltr'>P.</span> 
     </span>
    </p>

    <p class='ocr_par' dir='ltr' id='par_1_15' title="bbox 163 2703 1720 2983">
     <span class='ocr_line' id='line_1_34' title="bbox 257 2703 1717 2748; baseline 0.001 -10"><span class='ocrx_word' id='word_1_196' title='bbox 257 2704 318 2738; x_wconf 93' lang='lat' dir='ltr'>III.</span> <span class='ocrx_word' id='word_1_197' title='bbox 348 2705 455 2738; x_wconf 74' lang='lat' dir='ltr'>inser.</span> <span class='ocrx_word' id='word_1_198' title='bbox 484 2703 667 2747; x_wconf 84' lang='lat' dir='ltr'>Gragulus</span> <span class='ocrx_word' id='word_1_199' title='bbox 697 2703 740 2736; x_wconf 86' lang='lat' dir='ltr'>P.</span> <span class='ocrx_word' id='word_1_200' title='bbox 791 2708 810 2737; x_wconf 80' lang='lat'><strong>2</strong></span> <span class='ocrx_word' id='word_1_201' title='bbox 838 2715 903 2738; x_wconf 88' lang='lat' dir='ltr'>suo</span> <span class='ocrx_word' id='word_1_202' title='bbox 930 2704 1016 2748; x_wconf 87' lang='lat' dir='ltr'>quin</span> <span class='ocrx_word' id='word_1_203' title='bbox 1039 2704 1169 2743; x_wconf 62' lang='lat' dir='ltr'>Bentl„</span> <span class='ocrx_word' id='word_1_204' title='bbox 1195 2704 1268 2738; x_wconf 87' lang='lat' dir='ltr'>suis</span> <span class='ocrx_word' id='word_1_205' title='bbox 1295 2704 1381 2748; x_wconf 84' lang='lat' dir='ltr'>quin</span> <span class='ocrx_word' id='word_1_206' title='bbox 1403 2703 1536 2748; x_wconf 82' lang='lat' dir='ltr'>(bonis)</span> <span class='ocrx_word' id='word_1_207' title='bbox 1563 2705 1717 2742; x_wconf 54' lang='lat' dir='ltr'>anxii.</span> 
     </span>
     <span class='ocr_line' id='line_1_35' title="bbox 163 2761 1720 2808; baseline 0.001 -11"><span class='ocrx_word' id='word_1_208' title='bbox 163 2767 184 2797; x_wconf 87' lang='grc'>4</span> <span class='ocrx_word' id='word_1_209' title='bbox 211 2763 386 2808; x_wconf 84' lang='lat' dir='ltr'>gragulus</span> <span class='ocrx_word' id='word_1_210' title='bbox 404 2763 446 2797; x_wconf 87' lang='lat' dir='ltr'>P.</span> <span class='ocrx_word' id='word_1_211' title='bbox 499 2767 516 2797; x_wconf 76' lang='lat'>7</span> <span class='ocrx_word' id='word_1_212' title='bbox 546 2774 582 2797; x_wconf 85' lang='lat' dir='ltr'>se</span> <span class='ocrx_word' id='word_1_213' title='bbox 604 2761 753 2796; x_wconf 86' lang='lat' dir='ltr'>miscuit</span> <span class='ocrx_word' id='word_1_214' title='bbox 765 2763 1017 2806; x_wconf 74' lang='lat' dir='ltr'>Burmannus,</span> <span class='ocrx_word' id='word_1_215' title='bbox 1046 2775 1082 2798; x_wconf 90' lang='lat' dir='ltr'>se</span> <span class='ocrx_word' id='word_1_216' title='bbox 1103 2763 1252 2797; x_wconf 85' lang='lat' dir='ltr'>miscuit</span> <span class='ocrx_word' id='word_1_217' title='bbox 1271 2775 1330 2797; x_wconf 84' lang='grc' dir='ltr'>αη,</span> <span class='ocrx_word' id='word_1_218' title='bbox 1351 2763 1544 2805; x_wconf 71' lang='grc' dir='ltr'>Πί’3εειηῖ).,</span> <span class='ocrx_word' id='word_1_219' title='bbox 1571 2763 1720 2798; x_wconf 85' lang='lat' dir='ltr'>miscuit</span> 
     </span>
     <span class='ocr_line' id='line_1_36' title="bbox 164 2819 1716 2864; baseline 0 -8"><span class='ocrx_word' id='word_1_220' title='bbox 164 2832 202 2856; x_wconf 86' lang='lat' dir='ltr'>se</span> <span class='ocrx_word' id='word_1_221' title='bbox 228 2833 286 2855; x_wconf 83' lang='grc' dir='ltr'>αη.</span> <span class='ocrx_word' id='word_1_222' title='bbox 300 2821 390 2862; x_wconf 61' lang='lat' dir='ltr'>Ml„</span> <span class='ocrx_word' id='word_1_223' title='bbox 415 2820 618 2855; x_wconf 86' lang='lat' dir='ltr'>immiscuit</span> <span class='ocrx_word' id='word_1_224' title='bbox 637 2831 673 2854; x_wconf 79' lang='lat' dir='ltr'>se</span> <span class='ocrx_word' id='word_1_225' title='bbox 691 2819 777 2854; x_wconf 82' lang='lat' dir='ltr'>PR.</span> <span class='ocrx_word' id='word_1_226' title='bbox 828 2825 847 2855; x_wconf 83' lang='lat'>9</span> <span class='ocrx_word' id='word_1_227' title='bbox 875 2821 1056 2855; x_wconf 78' lang='lat' dir='ltr'>mulcatus</span> <span class='ocrx_word' id='word_1_228' title='bbox 1067 2820 1137 2864; x_wconf 76' lang='lat' dir='ltr'>Rq.</span> <span class='ocrx_word' id='word_1_229' title='bbox 1157 2821 1336 2855; x_wconf 82' lang='lat' dir='ltr'>multatus</span> <span class='ocrx_word' id='word_1_230' title='bbox 1354 2821 1396 2854; x_wconf 85' lang='lat' dir='ltr'>P.</span> <span class='ocrx_word' id='word_1_231' title='bbox 1450 2826 1493 2855; x_wconf 90' lang='lat'>10</span> <span class='ocrx_word' id='word_1_232' title='bbox 1514 2832 1656 2856; x_wconf 85' lang='lat' dir='ltr'>merens</span> <span class='ocrx_word' id='word_1_233' title='bbox 1673 2823 1716 2856; x_wconf 88' lang='lat' dir='ltr'>P.</span> 
     </span>
     <span class='ocr_line' id='line_1_37' title="bbox 165 2879 1718 2923; baseline 0.001 -10"><span class='ocrx_word' id='word_1_234' title='bbox 165 2884 206 2914; x_wconf 91' lang='lat'>11</span> <span class='ocrx_word' id='word_1_235' title='bbox 232 2882 361 2914; x_wconf 85' lang='lat' dir='ltr'>notam</span> <span class='ocrx_word' id='word_1_236' title='bbox 386 2891 429 2913; x_wconf 84' lang='lat' dir='ltr'>m.</span> <span class='ocrx_word' id='word_1_237' title='bbox 455 2892 512 2923; x_wconf 82' lang='lat' dir='ltr'>pr.</span> <span class='ocrx_word' id='word_1_238' title='bbox 543 2879 587 2921; x_wconf 82' lang='lat' dir='ltr'>P,</span> <span class='ocrx_word' id='word_1_239' title='bbox 622 2882 708 2914; x_wconf 80' lang='lat' dir='ltr'>mut.</span> <span class='ocrx_word' id='word_1_240' title='bbox 736 2880 776 2913; x_wconf 81' lang='lat' dir='ltr'>in</span> <span class='ocrx_word' id='word_1_241' title='bbox 801 2879 985 2921; x_wconf 74' lang='lat' dir='ltr'>notitiam.</span> <span class='ocrx_word' id='word_1_242' title='bbox 1063 2884 1104 2913; x_wconf 86' lang='lat'>13</span> <span class='ocrx_word' id='word_1_243' title='bbox 1131 2879 1293 2913; x_wconf 77' lang='lat' dir='ltr'>vestibus</span> <span class='ocrx_word' id='word_1_244' title='bbox 1320 2879 1518 2922; x_wconf 64' lang='lat' dir='ltr'>Nereletus&#39;,</span> <span class='ocrx_word' id='word_1_245' title='bbox 1551 2880 1718 2915; x_wconf 77' lang='lat' dir='ltr'>coetibus</span> 
     </span>
     <span class='ocr_line' id='line_1_38' title="bbox 165 2938 1622 2983; baseline 0 -11"><span class='ocrx_word' id='word_1_246' title='bbox 165 2939 305 2979; x_wconf 60' lang='lat' dir='ltr'>Heius„</span> <span class='ocrx_word' id='word_1_247' title='bbox 331 2938 477 2973; x_wconf 83' lang='lat' dir='ltr'>sedibus</span> <span class='ocrx_word' id='word_1_248' title='bbox 507 2938 624 2983; x_wconf 70' lang='lat' dir='ltr'>PRq,</span> <span class='ocrx_word' id='word_1_249' title='bbox 650 2950 710 2972; x_wconf 75' lang='lat' dir='ltr'>cm.</span> <span class='ocrx_word' id='word_1_250' title='bbox 732 2938 850 2980; x_wconf 63' lang='lat' dir='ltr'>Wiss„</span> <span class='ocrx_word' id='word_1_251' title='bbox 875 2938 953 2973; x_wconf 83' lang='lat' dir='ltr'>Nil.</span> <span class='ocrx_word' id='word_1_252' title='bbox 966 2952 978 2980; x_wconf 84' lang='lat'>‚·</span> <span class='ocrx_word' id='word_1_253' title='bbox 1010 2939 1111 2973; x_wconf 86' lang='lat' dir='ltr'>Rom.</span> <span class='ocrx_word' id='word_1_254' title='bbox 1140 2938 1168 2972; x_wconf 71' lang='lat' dir='ltr'>si</span> <span class='ocrx_word' id='word_1_255' title='bbox 1194 2940 1277 2972; x_wconf 86' lang='lat' dir='ltr'>tuas</span> <span class='ocrx_word' id='word_1_256' title='bbox 1303 2940 1423 2973; x_wconf 82' lang='lat' dir='ltr'>vestes</span> <span class='ocrx_word' id='word_1_257' title='bbox 1449 2949 1622 2974; x_wconf 83' lang='lat' dir='ltr'>amasses.</span> 
     </span>
    </p>

    <p class='ocr_par' dir='ltr' id='par_1_16' title="bbox 1391 2997 1437 3031">
     <span class='ocr_line' id='line_1_39' title="bbox 1391 2997 1437 3031; baseline 0 -14"><span class='ocrx_word' id='word_1_258' title='bbox 1391 2997 1437 3031; x_wconf 77' lang='lat' dir='ltr'>l*</span> 
     </span>
    </p>
   </div>
  </div>
 </body>
</html>
