2028 3310
515 200 577 235 DE
605 199 921 235 EMENDANDIS
949 199 1160 234 PHAEDRI
1187 198 1401 233 FABVLIS.
1633 199 1733 233 XXV

262 307 319 361 V,
352 309 379 350 ‘2
411 308 567 350 multos
606 308 649 350 in
687 308 814 350 rebus
854 307 1049 350 secundis
1088 307 1220 350 fortes
1260 321 1370 360 esse,
1415 306 1484 361 qui
1518 306 1561 348 in
1594 306 1734 348 dubiis

365 381 463 420 sunt
492 377 643 419 timidi.

263 448 322 503 V,
355 449 380 490 3
413 449 479 490 his
513 449 585 503 qui
617 462 717 489 casu
749 452 924 503 peccant
963 450 1143 491 dandam
1183 465 1274 492 esse
1308 450 1491 502 veniam,
1530 449 1602 503 qui
1634 463 1734 490 vero

364 519 556 561 consulto
589 518 856 573 delinquunt,
889 533 960 561 eos
994 534 1086 561 esse
1118 521 1364 574 puniendos.

263 589 320 642 V,
351 590 379 630 4
410 589 631 631 vitandum
665 603 832 643 semper
863 604 954 630 esse
987 590 1273 644 periculosum
1306 591 1482 634 lucrum.

262 659 319 710 V,
351 673 377 700 0
409 674 540 713 pravo
573 660 716 700 favore
749 674 1051 714 saepenumero
1083 660 1276 701 homines
1309 661 1408 701 labi.

303 752 382 794 His
423 753 655 807 propositis
696 757 870 807 apparet
911 757 1126 795 auctorem
1170 754 1463 808 anthologiae,
1509 770 1587 809 qua
1636 770 1735 796 usus

186 828 249 864 est
271 823 486 877 Perottus,
519 824 590 865 ubi
624 824 885 878 promythiis
919 824 1219 878 epimythiisve
1249 839 1271 865 a
1294 824 1487 866 Phaedro
1514 825 1735 880 perspicue

185 897 296 935 esset
328 891 567 948 expositum
600 895 770 936 fabulae
798 898 1115 949 argumentum,
1149 895 1252 935 satis
1276 893 1476 936 habuisse
1498 895 1586 936 eius
1608 896 1737 936 verba.

187 964 423 1018 pedestrem
456 965 499 1004 in
533 980 773 1006 sermonem
811 965 1018 1019 redigere,
1058 964 1130 1005 ubi
1170 965 1390 1005 obscurior
1429 968 1540 1007 esset·
1578 980 1737 1018 sensus,

186 1050 206 1075 a
241 1035 413 1089 proprio
447 1036 638 1089 ingenio,
677 1035 788 1090 quod
822 1034 993 1089 quidem
1026 1038 1116 1076 erat
1150 1035 1323 1076 minime
1357 1036 1533 1089 subtile,
1577 1036 1735 1090 petisse

185 1104 392 1146 auxilium
424 1105 701 1158 explicandae
733 1105 915 1147 fabulae.

301 1175 607 1229 Inscriptiones
648 1176 905 1230 capitalibus
946 1175 1104 1218 litteris
1144 1179 1341 1218 exaratas
1381 1175 1563 1217 defuisse
1603 1177 1736 1219 codici

184 1246 407 1288 Perottino
447 1261 602 1301 easque
642 1262 665 1288 a
697 1246 907 1288 Iannellio
947 1246 1112 1288 additas
1151 1247 1325 1288 0111111110
1359 1250 1537 1289 constat.
1600 1247 1734 1289 Docet

187 1317 226 1358 id
265 1317 388 1358 index
426 1317 721 1371 Neapolitani,
764 1332 838 1358 nec
879 1317 1018 1358 minus
1051 1316 1252 1358 Vaticani
1290 1317 1390 1358 libri
1431 1317 1737 1371 testimonium,

185 1387 257 1441 qui
289 1387 428 1428 nullas
455 1387 583 1428 habet
611 1388 847 1429 carminum
867 1387 1165 1441 inscriptiones
1187 1390 1356 1440 praeter
1381 1402 1452 1428 eas
1480 1403 1585 1442 quas
1607 1403 1735 1442 supra

184 1458 375 1511 apposui.
426 1457 477 1498 In
507 1457 665 1498 fabulis
698 1457 861 1511 pridem
896 1458 1006 1498 notis
1041 1458 1145 1498 satis
1179 1457 1330 1498 habuit
1357 1456 1588 1499 Iannellius
1621 1473 1736 1512 repe-

184 1532 273 1569 tere
305 1529 475 1582 titulos,
517 1528 589 1582 qui
621 1528 750 1582 vulgo
783 1530 997 1569 ferrentur
1035 1528 1079 1568 in
1112 1527 1234 1568 libris
1268 1527 1507 1581 impressis,
1548 1528 1736 1582 reliquos

184 1599 359 1640 novavit
392 1599 495 1653 ipse.

302 1668 501 1712 Ceterum
533 1683 618 1710 non
650 1672 791 1723 potest
825 1669 1033 1722 dubitari,
1067 1669 1168 1723 quin
1201 1669 1364 1723 plures,
1398 1660 1523 1724 spiam
1558 1685 1661 1724 quas
1694 1670 1737 1711 in

186 1754 304 1781 suam
326 1739 494 1781 rettulit
514 1739 825 1794 anthologiam,
853 1738 1029 1781 Perotto
1050 1741 1221 1794 praesto
1243 1739 1402 1781 fuerint
1428 1739 1609 1793 fabulae,
1640 1755 1737 1781 nam

185 1810 297 1864 quod
329 1810 487 1865 legitur
519 1810 630 1851 inter
662 1810 794 1864 ipsius
828 1810 1020 1851 carmina
1051 1810 1136 1851 tale
1169 1809 1330 1865 (XXIQ

399 1904 596 1945 Socrates
630 1904 805 1958 exiguas
839 1904 965 1946 aedes
997 1905 1096 1945 dum
1129 1905 1241 1946 forte
1273 1910 1454 1959 pararet,

457 1990 478 2016 e
510 1975 637 2016 turba
670 1975 841 2029 quidam
874 1975 976 2016 talia
1011 1975 1141 2016 verba
1173 1975 1321 2016 refert:

399 2044 601 2098 quidnam
632 2048 723 2086 tam
756 2060 908 2099 parvas
942 2045 1007 2086 vir
1038 2047 1184 2087 tantus
1218 2045 1431 2086 construis
1465 2045 1619 2086 aedes?

458 2115 637 2169 impleat
670 2115 748 2157 has
781 2116 945 2157 utinam
979 2131 1103 2157 verus
1137 2117 1319 2158 amicus!
1353 2116 1431 2167 ait3

185 2210 279 2264 quis
312 2224 396 2251 non
429 2209 543 2250 videt
574 2208 691 2250 reddi
730 2209 789 2250 ita
831 2209 1023 2251 fabulam
1063 2225 1175 2264 eam,
1217 2226 1344 2266 quam
1390 2225 1516 2251 unam
1554 2212 1738 2264 praeter-

186 2281 303 2322 misit
346 2280 418 2321 ille
461 2295 510 2321 ex
556 2280 665 2321 libro
711 2280 839 2321 tertio
878 2280 1090 2321 Phaedri?
1154 2280 1293 2322 Simili
1337 2280 1589 2335 paraphrasi
1638 2295 1738 2321 usus

186 2351 296 2392 idem
330 2351 435 2392 alibi
456 2349 508 2403 (c.
529 2349 755 2405 XXXVII)
776 2350 959 2405 Vergilii
992 2351 1258 2405 epitaphium
1290 2350 1478 2392 invertit.
1527 2350 1618 2392 Nec
1640 2365 1738 2391 vero

184 2420 409 2476 probabile
454 2424 517 2462 est
559 2420 779 2462 hominem
819 2423 1042 2475 poet-arum
1080 2424 1273 2463 veterum
1316 2421 1652 2463 curiosissimum
1694 2420 1739 2460 in

185 2507 269 2533 una
306 2490 490 2533 Phaedri
527 2490 676 2532 fabula
714 2491 1006 2532 transferenda
1053 2492 1312 2533 substitisse.
1384 2491 1448 2532 De
1487 2507 1569 2546 qua
1606 2505 1651 2531 re
1690 2505 1738 2531 eo

186 2561 324 2617 magis
362 2561 619 2602 monendum
661 2560 758 2614 fuit,
799 2561 972 2603 tandem
1012 2564 1059 2603 ut
1096 2562 1438 2617 intellegeretur,
1483 2561 1594 2616 quod
1635 2561 1740 2602 dicit

186 2633 229 2674 in
267 2633 361 2674 loco
400 2632 626 2673 notissimo
666 2629 980 2686 Cornuscopiae
1018 2632 1046 2672 f.
1078 2632 1104 2673 l.
1136 2632 1201 2673 HI
1237 2633 1287 2673 17
1328 2648 1353 2674 a
1385 2648 1428 2673 se
1468 2631 1738 2673 adulescente

187 2718 237 2745 ex
261 2703 426 2744 Avieno
460 2702 645 2744 iambico
678 2702 865 2743 carmine
898 2703 1168 2756 translatam,
1202 2703 1407 2744 memoria
1439 2702 1608 2757 quidem
1643 2717 1739 2743 911111

186 2774 252 2814 bis
285 2773 392 2826 labi,
434 2773 506 2814 sed
539 2772 676 2813 nihilo
709 2772 847 2813 minus
881 2776 1077 2814 constare
1115 2773 1165 2814 de
1199 2773 1356 2814 fabulis
1388 2771 1570 2813 Phaedri
1603 2773 1656 2814 ab
1691 2788 1738 2813 90

187 2844 231 2885 111
276 2844 361 2886 alia
405 2847 542 2885 metra
586 2843 788 2897 redactis,
840 2857 922 2898 quo
966 2846 1159 2897 tempore
1201 2843 1461 2884 carminibus
1504 2842 1738 2898 pangendis

186 2914 318 2956 dabat
351 2928 536 2969 operam.
